2909 4381
1401 227 1473 285 T.
1520 228 1696 286 LIVI

475 410 530 446 12
560 384 851 463 impubeS‚
925 387 1197 447 homines
1257 385 1683 464 iumentaque;
1750 408 1861 447 nec
1927 390 2114 447 ullum
2174 386 2556 465 superfuisset

560 483 795 555 animal,
849 483 911 543 ni
962 486 1235 544 consules
1287 484 1550 561 receptui
1599 484 1832 561 signum
1878 485 2184 545 dedissent
2228 485 2555 561 avidosque

563 580 760 640 caedis
804 580 1018 640 milites
1061 602 1095 641 e
1137 581 1339 640 castris
1382 580 1645 641 hostium
1688 581 1936 658 imperio
1977 602 2047 641 ac
2088 581 2265 641 minis
2309 581 2556 659 expulis-

476 697 535 746 13
562 688 707 737 sent.
794 677 994 755 itaque
1042 680 1204 755 apud
1248 678 1510 738 infensos
1557 680 1637 740 ob
1685 678 2114 757 interpellatam
2172 678 2554 740 dulcedinem

560 773 679 834 irae
709 775 1020 835 confestim
1059 774 1246 835 oratio
1277 775 1478 835 habita
1521 787 1630 851 est,
1659 787 1725 837 ut
1765 778 2078 837 doceretur
2110 776 2279 836 miles
2310 775 2554 836 minime

560 871 839 948 cuiquam
896 872 1149 932 militum
1207 875 1481 932 consules
1538 873 1680 933 odio
1748 873 1810 932 in
1879 877 2080 935 hostes
2147 873 2392 934 cessisse
2452 885 2555 933 aut

477 987 533 1036 14
561 988 866 1043 cessuros;
929 969 1074 1046 quin
1124 971 1307 1029 duces
1351 969 1503 1029 sicut
1548 969 1703 1042 belli,
1756 970 1837 1029 ita
1887 970 2231 1030 insatiabilis
2282 969 2555 1048 supplicii

559 1066 786 1125 futuros
856 1065 1049 1139 fuisse,
1124 1066 1186 1127 ni
1255 1078 1555 1144 respectus
1624 1066 1893 1144 equitum
1962 1079 2383 1140 sescentorum,
2451 1068 2554 1145 qui

476 1176 533 1227 15
562 1160 846 1221 Luceriae
875 1162 1117 1223 obsides
1148 1173 1500 1236 tenerentur,
1534 1163 1936 1241 praepedisset
1964 1163 2212 1236 animOS,
2245 1185 2321 1224 ne
2349 1167 2554 1242 despe-

561 1268 686 1316 rata
714 1258 885 1318 venia
913 1262 1113 1319 hostes
1143 1279 1353 1320 caecos
1388 1260 1450 1319 in
1492 1260 1780 1338 supplicia
1816 1281 2021 1321 eorum
2059 1272 2275 1338 ageret,
2309 1264 2554 1338 perdere

479 1364 538 1413 16
563 1353 723 1430 prius
762 1374 940 1431 quam
986 1356 1173 1433 perire
1208 1366 1500 1435 optantes·
1587 1360 1827 1418 laudare
1865 1379 1936 1418 ea
1975 1358 2191 1418 milites
2233 1358 2554 1436 laetarique

563 1450 800 1511 obviam
829 1452 978 1513 itum
1008 1453 1127 1514 irae
1157 1473 1298 1514 suae
1327 1474 1456 1514 esse
1495 1473 1564 1513 ac
1594 1454 1761 1514 fateri
1788 1454 1991 1515 omnia
2018 1456 2299 1532 patienda
2336 1455 2551 1532 potiuS,

562 1568 742 1625 quam
772 1551 1117 1627 proderetur
1146 1554 1302 1611 salus
1331 1561 1420 1612 tot
1447 1550 1785 1629 principum
1816 1554 2126 1611 Romanae
2154 1551 2489 1612 iuventutis,

469 1649 536 1709 15
646 1644 906 1706 Dimissa
948 1647 1229 1708 contione
1272 1647 1586 1708 consilium
1634 1647 1921 1721 habitum,
1969 1647 2324 1709 omnibusne
2367 1649 2553 1727 copiis

563 1743 873 1803 Luceriam
904 1757 1253 1821 premerent,
1285 1766 1362 1805 an
1390 1747 1576 1806 altero
1605 1745 1861 1805 exercitu
1891 1756 1949 1804 et
1978 1746 2131 1805 duce
2160 1745 2342 1822 Apuli
2379 1744 2554 1819 circa,

509 1862 532 1896 2
560 1859 703 1914 gens
761 1840 980 1901 dubiae
1041 1844 1119 1903 ad
1183 1841 1247 1902 id
1314 1842 1651 1914 voluntatiS,
1710 1853 2149 1918 temptarentur.
2266 1841 2551 1901 Publiliuz

561 1939 770 1996 consul
819 1939 896 1997 ad
946 1940 1371 2014 peragrandam
1421 1940 1720 2015 profectus
1769 1938 2047 2016 Apuliam
2103 1938 2330 2015 aliquot
2386 1957 2554 2016 expe-

561 2031 789 2092 ditione
835 2054 953 2092 una
1001 2036 1255 2111 populos
1300 2045 1402 2094 aut
1447 2035 1504 2094 vi
1550 2034 1782 2111 subegit
1829 2045 1932 2095 aut
1981 2034 2436 2096 condicionibus
2492 2033 2553 2093 in

509 2148 537 2198 3
562 2130 906 2192 societatem
937 2130 1181 2210 accepit.
1270 2130 1506 2210 Papirio
1537 2152 1792 2210 quoque,
1827 2131 1930 2210 qui
1958 2133 2232 2193 obsessor
2270 2131 2554 2192 Luceriae

561 2231 862 2302 restiterat,
908 2228 1069 2289 brevi
1114 2230 1190 2289 ad
1229 2249 1397 2306 spem
1437 2241 1682 2290 eventus
1726 2230 2046 2307 respondit.
2134 2250 2273 2289 nam
2315 2228 2553 2288 insessis

559 2324 838 2385 omnibus
887 2324 1014 2397 viis,
1066 2346 1169 2402 per
1224 2345 1370 2402 quas
1426 2338 1795 2387 commeatus
1851 2348 1922 2387 ex
1977 2326 2221 2387 Samnio
2270 2327 2555 2387 subvehe-

562 2422 792 2493 bantur‚
843 2424 999 2482 fame
1048 2421 1262 2483 domiti
1307 2424 1619 2495 SamniteS,
1667 2422 1770 2499 qui
1817 2423 2101 2484 Luceriae
2148 2423 2211 2483 in
2260 2422 2555 2501 praesidio

561 2527 742 2591 erant,
788 2520 1024 2626 legatos.
1055 2517 1266 2578 misere
1287 2521 1385 2579 ad
1428 2521 1735 2579 consulem
1787 2522 2146 2593 Romanum,
2195 2531 2261 2580 ut
2305 2518 2554 2597 receptis

503 2632 535 2681 4
561 2614 877 2693 equitibuS‚
925 2614 1028 2692 qui
1063 2635 1241 2675 causa
1284 2615 1421 2675 belli
1468 2626 1679 2689 essent,
1717 2615 2025 2676 absisteret
2066 2616 2398 2676 obsidione.
2484 2616 2562 2676 iis·

564 2711 830 2789 Papirius
887 2711 968 2771 ita
1017 2711 1357 2790 respondit.
1421 2712 1702 2773 debuisse
1748 2732 1850 2772 eos
1909 2711 2205 2783 Pontium,
2263 2710 2555 2772 Herennii

562 2806 766 2879 filium,
809 2826 930 2883 quo
969 2819 1210 2868 auctore
1250 2812 1559 2869 Romanos
1603 2809 1716 2867 sub
1754 2808 1957 2886 iugum
1993 2808 2304 2882 misissent,
2346 2828 2555 2869 consu-

509 2918 537 2967 5
562 2906 700 2978 lere,
732 2903 878 2981 quid
916 2903 1085 2963 vietis
1119 2904 1472 2981 patiendum
1507 2916 1774 2966 censeret
1798 2927 1816 2979 3
1858 2915 2119 2965 ceterum
2155 2904 2438 2982 quoniam
2476 2905 2555 2965 ab

562 3000 833 3061 hostibus
863 3000 925 3059 in
955 3020 1018 3060 se
1046 3021 1237 3077 aequa
1278 3000 1457 3061 statui
1500 3021 1678 3079 quam
1713 3000 1775 3060 in
1804 3021 1868 3061 se
1905 3001 2018 3078 ipsi
2045 3003 2194 3062 ferre
2220 3000 2551 3073 maluerint,

565 3095 834 3156 nuntiare
875 3096 1185 3157 Luceriam
1224 3096 1407 3171 iussit,
1446 3118 1624 3170 arma,
1667 3097 1939 3171 sarcinaS,
1980 3097 2259 3169 iumenta,
2298 3097 2556 3157 multitu-

512 3204 543 3253 6
569 3194 771 3255 dinem
796 3215 1037 3255 omnem
1068 3194 1369 3255 imbellem
1392 3194 1545 3254 intra
1565 3194 1805 3256 moenia
1833 3194 2229 3270 relinquerent
2238 3215 2256 3267 3
2307 3192 2554 3253 militem

567 3311 632 3351 se
660 3311 797 3350 cum
838 3292 1081 3370 singulis
1115 3291 1483 3352 vestimentis
1522 3292 1634 3352 sub
1675 3291 1878 3368 iugum
1907 3289 2241 3360 missurum,
2273 3288 2556 3349 ulciscen-

566 3399 688 3448 tem
744 3387 1004 3462 inlatam,
1066 3410 1188 3449 non
1244 3409 1460 3449 novam
1519 3388 1866 3448 inferentem
1922 3384 2324 3462 ignominiam.
2407 3386 2554 3446 nihil

514 3494 916 3554 7recusatum.
1004 3497 1229 3562 septem
1270 3486 1432 3545 milia
1470 3485 1724 3545 militum
1766 3484 1877 3543 sub
1915 3482 2119 3559 iugum
2155 3482 2349 3556 missa,
2394 3504 2555 3560 prae-

569 3585 765 3659 daque
798 3582 1006 3660 ingens
1037 3582 1318 3644 Luceriae
1355 3593 1529 3658 capta
1566 3579 1814 3658 receptis
1842 3579 2122 3640 omnibus
2151 3579 2329 3657 signis
2357 3581 2555 3641 armis-
