2909 4381
606 291 714 348 AB
759 290 987 346 VRBE
1033 288 1421 349 CONDITA
1469 291 1624 347 LIB.
1674 290 1780 347 IX.
1832 292 2025 362 14-16

314 472 452 530 que,
514 472 666 529 quae
715 454 793 511 ad
852 451 1149 513 Caudium
1216 450 1431 510 amissa
1493 462 1674 524 erant,
1744 461 1818 522 et,
1891 454 2054 529 quod
2111 449 2313 509 omnia

316 551 634 627 superabat
662 548 892 627 gaudia,
928 549 1227 626 equitibus
1271 549 1641 626 recuperatis,
1675 569 1826 626 quos
1865 550 2109 627 pignora
2149 549 2312 627 pacis

316 648 747 708 custodiendos
806 647 1114 706 Luceriam
1166 647 1461 707 Samnites
1517 648 1818 706 dederant.
1922 649 2085 707 haud
2129 649 2312 707 ferme
2339 659 2368 707 8

318 746 434 805 alia
470 745 798 804 mutatione
837 743 1034 804 subita
1067 763 1261 803 rerum
1300 742 1511 802 clarior
1537 742 1782 802 victoria
1809 744 2013 821 populi
2054 744 2313 804 Romani

321 854 424 916 est,
458 842 507 901 si
537 841 780 918 quidem
811 840 1005 912 etiarn,
1040 842 1204 917 quod
1234 840 1596 917 quibusdam
1624 840 1686 899 in
1714 840 2027 901 annalibus
2055 840 2312 914 inveni0,

318 939 586 1013 Pontius,
625 937 920 998 Herennii
962 937 1133 1011 filius,
1178 936 1534 998 Samnitium
1578 937 1910 1015 imperator,
1950 947 2015 997 ut
2058 937 2315 1015 expiaret

318 1038 633 1096 consulum
675 1033 1080 1112 ignominiam,
1124 1034 1237 1093 sub
1278 1033 1484 1110 iugum
1527 1054 1664 1094 cum
1705 1033 1914 1093 ceteris
1958 1045 2046 1093 est
2083 1034 2311 1094 missus,

317 1146 580 1194 ceterum
623 1132 685 1193 id
729 1132 924 1191 minus
960 1131 1159 1206 miror,
1201 1132 1524 1191 obscurum
1563 1151 1694 1192 esse
1733 1132 1812 1192 de
1854 1131 2119 1191 hostiurn
2161 1134 2315 1192 duce
2339 1154 2368 1202 9

318 1230 525 1292 dedito
564 1229 904 1305 missoque3
960 1229 1023 1289 id
1058 1227 1243 1306 magis
1280 1228 1552 1288 mirabile
1591 1240 1696 1302 est,
1736 1228 1974 1306 ambigi,
2017 1228 2315 1289 Luciusne

322 1326 632 1388 Cornelius
662 1326 915 1388 dictator
943 1346 1081 1385 cum
1112 1329 1177 1385 L.
1206 1326 1442 1403 Papirio
1469 1327 1721 1387 Cursore
1752 1328 2029 1402 magistro
2048 1326 2314 1402 equiturn

319 1445 418 1485 eas
451 1444 541 1485 res
570 1426 647 1485 ad
678 1423 975 1485 Caudium
1015 1434 1196 1500 atque
1233 1422 1376 1483 inde
1418 1423 1731 1484 Luceriam
1773 1423 2015 1500 gesserit
2043 1426 2316 1500 ultorque
2347 1442 2405 1477 10

319 1521 531 1581 unicus
591 1524 903 1580 Romanae
965 1519 1325 1598 ignominiae
1382 1522 1545 1579 haud
1607 1522 1789 1579 sciam
1850 1540 1930 1579 an
1995 1520 2315 1580 iustissimo

320 1616 622 1694 triumpho
671 1619 748 1677 ad
805 1637 936 1676 eam
992 1627 1248 1676 aetatem
1306 1619 1637 1676 secundum
1696 1616 1937 1675 Furium
1994 1616 2314 1678 Camillum

320 1714 780 1792 triumphaverit,
804 1734 882 1773 an
913 1715 1226 1773 consulum
1250 1713 1589 1790 Papiriique
1618 1713 2006 1790 praecipuum
2039 1713 2100 1772 id
2131 1714 2314 1772 decus

321 1810 412 1870 sit.
513 1811 777 1887 sequitur
814 1813 976 1871 hunc
1015 1830 1270 1871 errorem
1303 1808 1452 1869 alius
1493 1830 1665 1882 error,
1708 1811 2005 1870 Cursorne
2049 1808 2313 1885 Papirius
2346 1831 2397 1864 11

318 1907 601 1985 proximis
643 1907 898 1968 comitiis
937 1928 1075 1967 cum
1120 1909 1195 1982 Q.
1234 1906 1414 1966 Aulio
1453 1908 1777 1968 Cerretano
1819 1905 2031 1964 iterum
2074 1905 2155 1965 ob
2189 1925 2313 1964 rem

319 2006 474 2065 bene
502 2015 727 2083 gestam
760 2004 1045 2065 Luceriae
1074 2003 1422 2064 continuato
1462 2003 1802 2080 magistratu
1832 2005 2040 2063 consul
2076 2002 2314 2062 tertium

320 2113 548 2161 creatus
606 2102 695 2174 sit,
747 2122 826 2162 an
872 2105 937 2161 L.
993 2100 1259 2178 Papirius
1313 2100 1672 2178 MugilanuS,
1725 2110 1784 2160 et
1839 2099 1902 2159 in
1957 2099 2316 2177 cognomine

321 2211 576 2260 erratum
613 2200 702 2260 sit.

403 2297 701 2359 Convenit
750 2297 866 2357 iam
916 2297 1057 2357 inde
1105 2317 1209 2375 per
1253 2300 1528 2357 consules
1574 2296 1800 2374 reliqua
1848 2296 1987 2356 belli
2039 2299 2310 2373 perfecta.
2339 2292 2412 2349 16

320 2394 532 2455 Aulius
601 2415 738 2455 cum
811 2395 1119 2455 Frentanis
1181 2415 1304 2455 uno
1371 2396 1639 2456 secundo
1704 2394 1930 2472 proelio
1997 2394 2315 2454 debellavit

321 2493 648 2569 urbemque
697 2492 904 2570 ipsam,
951 2512 1072 2569 quo
1115 2512 1179 2553 se
1224 2494 1355 2552 fusa
1396 2495 1727 2553 contulerat
1776 2491 1951 2565 acieS,
2002 2491 2312 2552 obsidibus

320 2589 620 2667 imperatis
654 2589 716 2648 in
758 2589 1124 2650 deditionem
1164 2588 1411 2667 accepit.
1499 2589 1624 2667 pari
1660 2592 1892 2650 fortuna
1931 2591 2140 2649 consul
2167 2590 2314 2648 alter
2343 2614 2366 2647 α

321 2707 458 2746 cum
499 2686 829 2760 SatricaniS,
871 2687 974 2763 qui
1017 2686 1174 2746 cives
1220 2687 1481 2746 Romani
1523 2697 1657 2764 post
1700 2685 2035 2747 Caudinam
2078 2688 2310 2746 cladem

319 2785 398 2844 ad
447 2782 739 2843 Samnites
796 2784 1133 2843 defecerant
1188 2782 1667 2860 praesidiumque
1724 2802 1928 2841 eorum
1986 2781 2046 2840 in
2103 2782 2311 2842 urbem

320 2891 688 2958 acceperant,
738 2899 862 2939 rem
905 2879 1099 2956 gessit.
1187 2899 1326 2938 nam
1374 2900 1513 2939 cum
1555 2881 1634 2940 ad
1684 2878 1922 2939 moenia
1966 2878 2173 2939 Satrici
2214 2882 2316 2940 ad·
2340 2895 2366 2942 3

322 2988 520 3037 motus
577 2986 732 3036 esset
800 2976 1085 3036 exercitus
1140 2976 1468 3053 legatisque
1525 2975 1717 3036 missis
1773 2977 1851 3036 ad
1908 2996 2116 3053 pacem
2174 2996 2311 3036 cum

321 3073 594 3151 precibus
638 3075 957 3150 petendam
1001 3072 1163 3132 triste
1206 3092 1555 3149 responsum
1599 3073 1677 3132 ab
1720 3075 1965 3132 consule
2014 3072 2312 3132 redditum

322 3180 494 3242 esset,
534 3169 648 3228 nisi
686 3169 979 3247 praesidio
1015 3169 1366 3229 Samnitium
1411 3168 1720 3229 interfecto
1748 3179 1851 3228 aut
1886 3168 2101 3228 tradito
2130 3189 2206 3228 ne
2233 3172 2311 3230 ad

323 3287 386 3326 se
441 3278 782 3339 remearent,
844 3268 976 3343 plus
1032 3286 1102 3325 ea
1158 3286 1304 3327 voce
1362 3286 1542 3342 quam
1600 3265 1776 3325 armis
1833 3265 2028 3325 inlatis
2078 3267 2311 3327 terroris

323 3363 550 3423 colonis
597 3363 894 3424 iniectum.
997 3364 1196 3440 itaque
1253 3363 1506 3423 subinde
1562 3374 1914 3423 exsecuntur
1968 3367 2310 3439 quaerendo
2335 3385 2365 3431 4

323 3483 360 3523 a
396 3464 639 3522 consule
678 3461 867 3537 legati,
910 3480 1171 3537 quonam
1210 3481 1273 3520 se
1311 3472 1489 3538 pacto
1528 3480 1750 3537 paucos
1791 3471 1849 3519 et
1888 3460 2151 3521 infirmos
2193 3481 2312 3521 cre-

325 3564 490 3621 deret
534 3560 826 3637 praesidio
875 3571 995 3620 tam
1040 3559 1237 3619 valido
1282 3571 1341 3619 et
1385 3571 1612 3619 armato
1661 3560 1779 3619 vim
1829 3563 2144 3620 adlaturos.
2231 3564 2309 3621 ab

325 3659 537 3720 iisdem
567 3659 879 3719 consilium
909 3670 1107 3736 petere
1135 3658 1291 3732 iussi,
1325 3661 1540 3736 quibus
1578 3659 1917 3719 auctoribus
1946 3659 2304 3737 praesidium
