2909 4381
1381 247 1453 306 T.
1498 250 1675 307 LIVI

537 405 747 482 gladiis
777 416 947 478 esset,
981 406 1102 481 pila
1130 409 1290 465 velut
1319 407 1461 466 dato
1490 410 1568 468 ad
1603 407 1665 467 id
1700 407 1869 484 signo
1897 407 2163 467 abiciunt
2192 408 2531 486 strictisque

485 525 514 575 3
538 501 748 578 gladiis
791 522 964 561 cursu
1008 502 1070 561 in
1113 504 1347 562 hostem
1389 506 1669 564 feruntur.
1756 505 1901 563 nihil
1953 505 2072 564 illic
2117 506 2530 583 imperatoriae

538 598 676 657 artis
706 599 1013 659 ordinibus
1036 611 1137 659 aut
1160 599 1437 659 subsidiis
1461 602 1729 661 locandis
1752 602 1860 661 fuit
1880 623 1896 675 3
1931 602 2133 661 omnia
2162 602 2245 663 ira
2264 603 2530 663 militaris

482 727 514 776 4
537 714 722 771 prope
764 715 985 755 vesano
1028 695 1254 773 impetu
1297 696 1431 774 egit.
1515 697 1715 774 itaque
1758 719 1879 759 non
1929 698 2044 758 fusi
2091 701 2277 759 modo
2327 702 2531 760 hostes

536 804 689 864 sunt,
714 796 819 854 sed
838 814 914 853 ne
937 793 1138 853 castris
1161 793 1405 870 quidem
1429 794 1550 854 suis
1572 797 1768 872 fugam
1793 795 2079 873 impedire
2101 795 2238 872 ausi,
2247 796 2530 872 Apuliam

537 889 805 967 dissipati
847 891 1107 967 petiere3
1151 891 1459 951 Luceriam
1505 903 1704 951 tamen
1747 902 1957 952 coacto
1999 912 2195 951 rursus
2238 892 2300 951 in
2340 913 2529 952 unum

485 988 772 1064 5agmine
828 999 917 1048 est
973 999 1340 1065 perventum.
1434 990 1745 1048 Romanos
1794 988 1879 1047 ira
1934 991 2161 1061 eadem,
2216 1009 2369 1064 quae
2426 1009 2532 1066 per

540 1085 800 1144 mediam
842 1085 1032 1145 aciem
1083 1084 1346 1144 hostium
1389 1087 1619 1157 tulerat,
1665 1095 1725 1144 et
1767 1083 1828 1143 in
1871 1095 2059 1144 castra
2102 1084 2355 1161 pertulit.
2445 1084 2531 1145 ibi

537 1184 671 1260 plus
714 1202 894 1258 quam
933 1181 994 1241 in
1039 1181 1167 1241 acie
1203 1181 1504 1258 sanguinis
1543 1201 1613 1241 ac
1643 1180 1842 1241 caedis
1881 1182 2121 1253 factum,
2153 1183 2529 1259 praedaeque

537 1298 671 1356 pars
706 1277 893 1337 maior
922 1276 1006 1337 ira
1033 1288 1323 1353 corrupta.

481 1385 514 1435 6
621 1374 927 1433 Exercitus
957 1376 1102 1434 alter
1129 1394 1267 1433 cum
1299 1372 1532 1450 Papirio
1555 1375 1799 1434 consule
1828 1372 1973 1433 locis
1998 1373 2301 1433 maritimis
2330 1392 2529 1450 perve-

540 1481 706 1531 nerat
734 1473 929 1547 Arpos
967 1489 1073 1547 per
1109 1469 1311 1529 omnia
1349 1480 1560 1546 pacata
1596 1469 1952 1529 Samnitium
1992 1470 2176 1546 magis
2215 1469 2440 1529 iniuriis
2470 1481 2531 1529 et

489 1585 516 1641 7
541 1566 685 1646 odio
727 1586 908 1643 quam
953 1565 1246 1626 beneficio
1287 1567 1410 1625 ullo
1435 1567 1654 1642 -populi
1695 1567 1992 1639 Romani3
2033 1585 2173 1624 nam
2212 1565 2526 1639 SamniteS,

540 1684 612 1726 ea
652 1674 1004 1741 tempestate
1045 1662 1107 1722 in
1151 1662 1456 1722 montibus
1497 1661 1735 1722 vicatim
1781 1661 2132 1733 habitanteS,
2178 1663 2531 1738 campestria

539 1772 599 1820 et
638 1760 933 1820 maritima
974 1761 1123 1832 loca,
1169 1767 1517 1835 contempto
1560 1761 1855 1818 cultorum
1905 1756 2171 1818 molliore
2218 1767 2416 1834 atque,
2463 1768 2546 1817 ut-

541 1857 737 1916 evenit
780 1859 915 1930 fere,
948 1856 1094 1916 locis
1137 1855 1313 1915 simili
1346 1875 1577 1932 genere,
1610 1855 1723 1932 ipsi
1762 1854 2031 1914 montani
2063 1865 2242 1931 atque
2270 1865 2528 1937 agrestes

486 1962 518 2011 8
543 1953 1074 2029 depopulabantur.
1157 1970 1310 2027 quae
1340 1953 1499 2027 regio
1528 1951 1577 2010 si
1611 1953 1732 2013 fida
1769 1951 2131 2011 Samnitibus
2175 1950 2395 2022 fuisset,
2426 1961 2530 2010 aut

542 2047 844 2124 pervenire
867 2051 1060 2124 Arpos
1090 2048 1376 2106 exercitus
1408 2049 1716 2107 Romanus
1746 2046 2064 2123 nequisset,
2094 2057 2196 2105 aut
2224 2046 2531 2107 interiecta

541 2143 694 2204 inter
737 2147 995 2204 Romam
1038 2154 1098 2204 et
1131 2145 1325 2221 Arpos
1367 2144 1615 2222 penuria
1655 2163 1849 2206 rerum
1878 2142 2147 2203 omnium
2186 2144 2455 2203 exclusos
2493 2164 2532 2204 a·

485 2261 518 2311 9
542 2241 975 2301 commeatibus
1008 2241 1449 2325 absumpsisset.
1510 2253 1637 2302 tum
1668 2262 1909 2320 quoque
1938 2242 2232 2318 profectos
2271 2241 2412 2303 inde
2449 2244 2528 2303 ad

543 2336 871 2409 Luceriam,
928 2337 1089 2396 iuxta
1152 2337 1496 2398 obsidentes
1552 2339 1964 2414 obsessosque,
2023 2336 2224 2413 inopia
2278 2338 2524 2397 vexavit.

542 2433 744 2493 omnia
785 2433 871 2506 ab,
904 2433 1080 2510 Arpis
1131 2434 1420 2493 Romanis
1470 2435 2017 2512 suppeditabantur,
2064 2444 2324 2493 ceterum
2373 2435 2530 2495 adeo

541 2530 765 2608 exigue,
811 2541 876 2590 ut
918 2530 1091 2590 militi
1133 2542 1426 2608 occupato
1469 2532 1822 2593 stationibus
1864 2530 2191 2608 vigiliisque
2241 2539 2300 2590 et
2349 2550 2531 2609 opere

458 2653 518 2687 10
542 2646 723 2703 eques
752 2626 1027 2686 folliculis
1056 2626 1117 2686 in
1146 2638 1336 2688 castra
1363 2629 1441 2689 ab
1471 2629 1646 2707 Arpis
1676 2632 2037 2689 frumentum
2055 2628 2320 2699 veheret,
2355 2629 2530 2688 inter-

542 2724 688 2782 dum
723 2743 970 2783 occursu
1015 2724 1273 2784 hostium
1318 2737 1625 2804 cogeretur
1664 2724 1901 2785 abiecto
1935 2743 2006 2782 ex
2040 2740 2196 2798 equo
2231 2724 2531 2786 frumento

543 2838 819 2895 pugnare.
905 2819 1162 2878 obsessis
1201 2822 1542 2899 priusquam
1578 2826 1723 2882 alter
1761 2821 1970 2880 consul
2008 2818 2229 2878 victore
2268 2819 2527 2880 exercitu

541 2915 797 2987 advenit,
825 2926 883 2974 et
912 2927 1278 2977 commeatus
1301 2939 1371 2978 ex
1400 2920 1704 2979 montibus
1733 2914 2086 2977 Samnitium
2116 2913 2333 2974 invecti
2362 2928 2530 2976 erant

460 3036 512 3072 ιι
543 3020 603 3069 et
632 3011 846 3069 auxilia
874 3011 1226 3072 intromissa.
1308 3015 1519 3076 artiora
1549 3014 1752 3075 omnia
1777 3014 2067 3073 adventus
2099 3010 2338 3070 Publilii
2369 3012 2524 3087 fecit,

545 3106 646 3180 qui
689 3105 1003 3166 obsidione
1044 3110 1313 3186 delegata
1354 3112 1415 3171 in
1459 3132 1660 3173 curam
1699 3112 1961 3186 collegae
1995 3125 2175 3183 vagus
2212 3125 2319 3183 per
2355 3127 2527 3185 agros

461 3223 515 3258 ιο
545 3211 760 3259 cuncta
801 3201 1012 3262 infesta
1052 3210 1482 3269 commeatibus
1525 3207 1788 3268 hostium
1830 3208 2045 3265 fecerat
2064 3224 2081 3276 3
2137 3203 2337 3277 itaque
2386 3224 2523 3264 cum

545 3313 679 3369 spes
728 3298 891 3354 nulla
938 3309 1090 3357 esset
1138 3300 1357 3364 diutius
1407 3306 1685 3365 obsessos
1734 3300 1996 3377 inopiam
2044 3300 2280 3367 laturos,
2334 3301 2527 3360 coacti

546 3390 855 3462 Samnites,
889 3394 991 3467 qui
1032 3395 1111 3453 ad
1155 3397 1463 3459 Luceriam
1501 3411 1688 3461 castra
1731 3396 2047 3463 habebant,
2087 3392 2354 3466 undique
2388 3412 2526 3453 con-

544 3487 741 3544 tractis
770 3485 987 3547 viribus
1017 3489 1180 3566 signa
1209 3513 1346 3556 cum
1377 3497 1611 3575 Papirio
1639 3496 1922 3556 conferre.

449 3587 519 3644 14
626 3582 736 3639 Per
763 3579 825 3641 id
863 3592 1094 3660 tempus
1131 3592 1471 3663 parantibus
1509 3592 1772 3669 utrisque
1809 3606 1872 3646 se
1908 3584 1986 3643 ad
2020 3579 2305 3658 proelium
2348 3582 2522 3659 legati
