<?xml version="1.0" encoding="UTF-8"?>
<!DOCTYPE html PUBLIC "-//W3C//DTD XHTML 1.0 Transitional//EN"
    "http://www.w3.org/TR/xhtml1/DTD/xhtml1-transitional.dtd">
<html xmlns="http://www.w3.org/1999/xhtml" xml:lang="en" lang="en">
 <head>
  <title>
</title>
<meta http-equiv="Content-Type" content="text/html;charset=utf-8" />
  <meta name='ocr-system' content='tesseract 3.04.00' />
  <meta name='ocr-capabilities' content='ocr_page ocr_carea ocr_par ocr_line ocrx_word'/>
</head>
<body>
  <div class='ocr_page' id='page_1' title='image "./tliviaburbacond00livygoog_0058.png"; bbox 0 0 2909 4381; ppageno 0'>
   <div class='ocr_carea' id='block_1_1' title="bbox 1355 236 1653 294">
    <p class='ocr_par' dir='ltr' id='par_1_1' title="bbox 1355 236 1653 294">
     <span class='ocr_line' id='line_1_1' title="bbox 1355 236 1653 294; baseline 0 0"><span class='ocrx_word' id='word_1_1' title='bbox 1355 237 1427 294; x_wconf 92' lang='lat' dir='ltr'>T.</span> <span class='ocrx_word' id='word_1_2' title='bbox 1473 236 1653 294; x_wconf 88' lang='lat' dir='ltr'>LIVI</span> 
     </span>
    </p>
   </div>
   <div class='ocr_carea' id='block_1_2' title="bbox 413 395 2523 3691">
    <p class='ocr_par' dir='ltr' id='par_1_2' title="bbox 413 395 2523 3691">
     <span class='ocr_line' id='line_1_2' title="bbox 516 395 2509 473; baseline 0 -17"><span class='ocrx_word' id='word_1_3' title='bbox 516 398 595 457; x_wconf 91' lang='lat' dir='ltr'>ad</span> <span class='ocrx_word' id='word_1_4' title='bbox 624 397 862 457; x_wconf 89' lang='lat' dir='ltr'>moenia</span> <span class='ocrx_word' id='word_1_5' title='bbox 896 405 1067 469; x_wconf 89' lang='lat' dir='ltr'>esset,</span> <span class='ocrx_word' id='word_1_6' title='bbox 1114 397 1315 455; x_wconf 90' lang='lat' dir='ltr'>omnia</span> <span class='ocrx_word' id='word_1_7' title='bbox 1348 395 1761 456; x_wconf 89' lang='lat' dir='ltr'>aedificia—et</span> <span class='ocrx_word' id='word_1_8' title='bbox 1800 398 2135 473; x_wconf 87' lang='lat' dir='ltr'>frequenter</span> <span class='ocrx_word' id='word_1_9' title='bbox 2172 396 2258 457; x_wconf 92' lang='lat' dir='ltr'>ibi</span> <span class='ocrx_word' id='word_1_10' title='bbox 2284 396 2509 456; x_wconf 86' lang='lat' dir='ltr'>habita-</span> 
     </span>
     <span class='ocr_line' id='line_1_3' title="bbox 518 491 2510 571; baseline 0 -18"><span class='ocrx_word' id='word_1_11' title='bbox 518 491 1151 553; x_wconf 88' lang='lat' dir='ltr'>batur—circumiecta</span> <span class='ocrx_word' id='word_1_12' title='bbox 1180 492 1360 552; x_wconf 89' lang='lat' dir='ltr'>muris</span> <span class='ocrx_word' id='word_1_13' title='bbox 1388 492 1655 553; x_wconf 85' lang='lat' dir='ltr'>incendit</span> <span class='ocrx_word' id='word_1_14' title='bbox 1676 515 1693 567; x_wconf 83' lang='lat'>3</span> <span class='ocrx_word' id='word_1_15' title='bbox 1733 513 1844 553; x_wconf 91' lang='lat' dir='ltr'>nec</span> <span class='ocrx_word' id='word_1_16' title='bbox 1874 493 1957 552; x_wconf 91' lang='lat' dir='ltr'>ita</span> <span class='ocrx_word' id='word_1_17' title='bbox 1985 496 2175 553; x_wconf 90' lang='lat' dir='ltr'>multo</span> <span class='ocrx_word' id='word_1_18' title='bbox 2203 505 2354 571; x_wconf 89' lang='lat' dir='ltr'>post,</span> <span class='ocrx_word' id='word_1_19' title='bbox 2388 493 2510 553; x_wconf 89' lang='lat' dir='ltr'>sive</span> 
     </span>
     <span class='ocr_line' id='line_1_4' title="bbox 516 590 2511 653; baseline -0.001 -2"><span class='ocrx_word' id='word_1_20' title='bbox 516 612 553 651; x_wconf 90' lang='lat' dir='ltr'>a</span> <span class='ocrx_word' id='word_1_21' title='bbox 583 591 849 651; x_wconf 85' lang='lat' dir='ltr'>Poetelio</span> <span class='ocrx_word' id='word_1_22' title='bbox 877 590 1165 652; x_wconf 87' lang='lat' dir='ltr'>dictatore</span> <span class='ocrx_word' id='word_1_23' title='bbox 1204 591 1326 650; x_wconf 89' lang='lat' dir='ltr'>sive</span> <span class='ocrx_word' id='word_1_24' title='bbox 1363 591 1441 650; x_wconf 92' lang='lat' dir='ltr'>ab</span> <span class='ocrx_word' id='word_1_25' title='bbox 1482 592 1552 653; x_wconf 91' lang='lat' dir='ltr'>C.</span> <span class='ocrx_word' id='word_1_26' title='bbox 1584 591 1760 651; x_wconf 91' lang='lat' dir='ltr'>Iunio</span> <span class='ocrx_word' id='word_1_27' title='bbox 1794 594 2262 651; x_wconf 88' lang='lat' dir='ltr'>consule—nam</span> <span class='ocrx_word' id='word_1_28' title='bbox 2292 602 2511 651; x_wconf 90' lang='lat' dir='ltr'>utrum-</span> 
     </span>
     <span class='ocr_line' id='line_1_5' title="bbox 463 688 2511 766; baseline -0.002 -14"><span class='ocrx_word' id='word_1_29' title='bbox 463 702 496 752; x_wconf 89' lang='lat'><strong>6</strong></span> <span class='ocrx_word' id='word_1_30' title='bbox 520 709 638 766; x_wconf 91' lang='lat' dir='ltr'>que</span> <span class='ocrx_word' id='word_1_31' title='bbox 687 688 1028 762; x_wconf 87' lang='lat' dir='ltr'>traditur—,</span> <span class='ocrx_word' id='word_1_32' title='bbox 1076 690 1234 749; x_wconf 88' lang='lat' dir='ltr'>Nola</span> <span class='ocrx_word' id='word_1_33' title='bbox 1275 699 1364 748; x_wconf 89' lang='lat' dir='ltr'>est</span> <span class='ocrx_word' id='word_1_34' title='bbox 1406 699 1596 766; x_wconf 87' lang='lat' dir='ltr'>capta.</span> <span class='ocrx_word' id='word_1_35' title='bbox 1681 689 1784 766; x_wconf 91' lang='lat' dir='ltr'>qui</span> <span class='ocrx_word' id='word_1_36' title='bbox 1826 700 2033 766; x_wconf 90' lang='lat' dir='ltr'>captae</span> <span class='ocrx_word' id='word_1_37' title='bbox 2084 691 2267 749; x_wconf 90' lang='lat' dir='ltr'>decus</span> <span class='ocrx_word' id='word_1_38' title='bbox 2317 690 2511 749; x_wconf 86' lang='lat' dir='ltr'>Nolae</span> 
     </span>
     <span class='ocr_line' id='line_1_6' title="bbox 521 786 2510 860; baseline -0.001 -13"><span class='ocrx_word' id='word_1_39' title='bbox 521 790 599 848; x_wconf 92' lang='lat' dir='ltr'>ad</span> <span class='ocrx_word' id='word_1_40' title='bbox 656 789 963 848; x_wconf 91' lang='lat' dir='ltr'>consulem</span> <span class='ocrx_word' id='word_1_41' title='bbox 1019 789 1274 860; x_wconf 91' lang='lat' dir='ltr'>trahunt,</span> <span class='ocrx_word' id='word_1_42' title='bbox 1333 786 1601 848; x_wconf 89' lang='lat' dir='ltr'>adiciunt</span> <span class='ocrx_word' id='word_1_43' title='bbox 1655 787 1900 847; x_wconf 90' lang='lat' dir='ltr'>Atinam</span> <span class='ocrx_word' id='word_1_44' title='bbox 1965 798 2025 847; x_wconf 89' lang='lat' dir='ltr'>et</span> <span class='ocrx_word' id='word_1_45' title='bbox 2082 786 2372 849; x_wconf 84' lang='lat' dir='ltr'>Calatiam</span> <span class='ocrx_word' id='word_1_46' title='bbox 2432 786 2510 846; x_wconf 89' lang='lat' dir='ltr'>ab</span> 
     </span>
     <span class='ocr_line' id='line_1_7' title="bbox 519 884 2510 963; baseline -0.001 -19"><span class='ocrx_word' id='word_1_47' title='bbox 519 886 733 946; x_wconf 89' lang='lat' dir='ltr'>eodem</span> <span class='ocrx_word' id='word_1_48' title='bbox 764 895 981 963; x_wconf 85' lang='lat' dir='ltr'>captas,</span> <span class='ocrx_word' id='word_1_49' title='bbox 1017 884 1347 945; x_wconf 82' lang='lat' dir='ltr'>Poetelium</span> <span class='ocrx_word' id='word_1_50' title='bbox 1374 896 1575 946; x_wconf 90' lang='lat' dir='ltr'>autem</span> <span class='ocrx_word' id='word_1_51' title='bbox 1604 884 1938 962; x_wconf 85' lang='lat' dir='ltr'>pestilentia</span> <span class='ocrx_word' id='word_1_52' title='bbox 1966 895 2094 945; x_wconf 91' lang='lat' dir='ltr'>orta</span> <span class='ocrx_word' id='word_1_53' title='bbox 2120 884 2270 943; x_wconf 88' lang='lat' dir='ltr'>clavi</span> <span class='ocrx_word' id='word_1_54' title='bbox 2291 885 2510 961; x_wconf 92' lang='lat' dir='ltr'>figendi</span> 
     </span>
     <span class='ocr_line' id='line_1_8' title="bbox 521 981 1349 1043; baseline 0 -1"><span class='ocrx_word' id='word_1_55' title='bbox 521 1003 700 1043; x_wconf 91' lang='lat' dir='ltr'>causa</span> <span class='ocrx_word' id='word_1_56' title='bbox 727 981 1075 1042; x_wconf 88' lang='lat' dir='ltr'>dictatorem</span> <span class='ocrx_word' id='word_1_57' title='bbox 1105 981 1349 1042; x_wconf 89' lang='lat' dir='ltr'>dictum.</span> 
     </span>
     <span class='ocr_line' id='line_1_9' title="bbox 468 1077 2506 1150; baseline -0.002 -10"><span class='ocrx_word' id='word_1_58' title='bbox 468 1091 499 1150; x_wconf 74' lang='grc'><strong>7</strong></span> <span class='ocrx_word' id='word_1_59' title='bbox 604 1082 818 1140; x_wconf 84' lang='lat' dir='ltr'>Suessa</span> <span class='ocrx_word' id='word_1_60' title='bbox 860 1092 919 1140; x_wconf 91' lang='lat' dir='ltr'>et</span> <span class='ocrx_word' id='word_1_61' title='bbox 962 1078 1209 1140; x_wconf 88' lang='lat' dir='ltr'>Pontiae</span> <span class='ocrx_word' id='word_1_62' title='bbox 1250 1081 1467 1140; x_wconf 88' lang='lat' dir='ltr'>eodem</span> <span class='ocrx_word' id='word_1_63' title='bbox 1510 1099 1670 1139; x_wconf 91' lang='lat' dir='ltr'>anno</span> <span class='ocrx_word' id='word_1_64' title='bbox 1712 1077 1983 1139; x_wconf 91' lang='lat' dir='ltr'>coloniae</span> <span class='ocrx_word' id='word_1_65' title='bbox 2020 1080 2315 1139; x_wconf 90' lang='lat' dir='ltr'>deductae</span> <span class='ocrx_word' id='word_1_66' title='bbox 2354 1087 2506 1138; x_wconf 91' lang='lat' dir='ltr'>sunt.</span> 
     </span>
     <span class='ocr_line' id='line_1_10' title="bbox 524 1160 2511 1252; baseline -0.002 -14"><span class='ocrx_word' id='word_1_67' title='bbox 524 1179 739 1238; x_wconf 88' lang='lat' dir='ltr'>Suessa</span> <span class='ocrx_word' id='word_1_68' title='bbox 776 1181 1193 1238; x_wconf 89' lang='lat' dir='ltr'>Auruncorum</span> <span class='ocrx_word' id='word_1_69' title='bbox 1209 1160 1460 1252; x_wconf 55' lang='lat' dir='ltr'>‘fuerat3</span> <span class='ocrx_word' id='word_1_70' title='bbox 1508 1179 1712 1238; x_wconf 89' lang='lat' dir='ltr'>Volsci</span> <span class='ocrx_word' id='word_1_71' title='bbox 1757 1176 2014 1250; x_wconf 79' lang='lat' dir='ltr'>PontiaS,</span> <span class='ocrx_word' id='word_1_72' title='bbox 2056 1176 2310 1236; x_wconf 88' lang='lat' dir='ltr'>insulam</span> <span class='ocrx_word' id='word_1_73' title='bbox 2338 1175 2511 1234; x_wconf 89' lang='lat' dir='ltr'>sitam</span> 
     </span>
     <span class='ocr_line' id='line_1_11' title="bbox 470 1274 2512 1352; baseline -0.003 -14"><span class='ocrx_word' id='word_1_74' title='bbox 470 1289 501 1338; x_wconf 89' lang='lat'><strong>8</strong></span> <span class='ocrx_word' id='word_1_75' title='bbox 524 1274 586 1334; x_wconf 92' lang='lat' dir='ltr'>in</span> <span class='ocrx_word' id='word_1_76' title='bbox 615 1286 941 1352; x_wconf 90' lang='lat' dir='ltr'>conspectu</span> <span class='ocrx_word' id='word_1_77' title='bbox 970 1274 1154 1336; x_wconf 88' lang='lat' dir='ltr'>litoris</span> <span class='ocrx_word' id='word_1_78' title='bbox 1183 1275 1289 1349; x_wconf 90' lang='lat' dir='ltr'>sui,</span> <span class='ocrx_word' id='word_1_79' title='bbox 1322 1274 1710 1335; x_wconf 90' lang='lat' dir='ltr'>incoluerant.</span> <span class='ocrx_word' id='word_1_80' title='bbox 1794 1285 1853 1334; x_wconf 90' lang='lat' dir='ltr'>et</span> <span class='ocrx_word' id='word_1_81' title='bbox 1878 1276 2280 1334; x_wconf 87' lang='lat' dir='ltr'>Interamnam</span> <span class='ocrx_word' id='word_1_82' title='bbox 2302 1275 2512 1333; x_wconf 87' lang='lat' dir='ltr'>Succa-</span> 
     </span>
     <span class='ocr_line' id='line_1_12' title="bbox 524 1370 2512 1445; baseline -0.001 -15"><span class='ocrx_word' id='word_1_83' title='bbox 524 1370 715 1431; x_wconf 90' lang='lat' dir='ltr'>sinam</span> <span class='ocrx_word' id='word_1_84' title='bbox 744 1383 809 1431; x_wconf 93' lang='lat' dir='ltr'>ut</span> <span class='ocrx_word' id='word_1_85' title='bbox 838 1373 1229 1432; x_wconf 90' lang='lat' dir='ltr'>deduceretur</span> <span class='ocrx_word' id='word_1_86' title='bbox 1266 1371 1519 1445; x_wconf 91' lang='lat' dir='ltr'>colonia,</span> <span class='ocrx_word' id='word_1_87' title='bbox 1551 1371 1740 1433; x_wconf 91' lang='lat' dir='ltr'>senati</span> <span class='ocrx_word' id='word_1_88' title='bbox 1778 1373 2116 1432; x_wconf 91' lang='lat' dir='ltr'>consultum</span> <span class='ocrx_word' id='word_1_89' title='bbox 2147 1372 2368 1431; x_wconf 88' lang='lat' dir='ltr'>factum</span> <span class='ocrx_word' id='word_1_90' title='bbox 2397 1379 2487 1430; x_wconf 90' lang='lat' dir='ltr'>est</span> <span class='ocrx_word' id='word_1_91' title='bbox 2494 1391 2512 1444; x_wconf 79' lang='lat'>3</span> 
     </span>
     <span class='ocr_line' id='line_1_13' title="bbox 525 1467 2515 1546; baseline -0.001 -18"><span class='ocrx_word' id='word_1_92' title='bbox 525 1471 631 1529; x_wconf 91' lang='lat' dir='ltr'>sed</span> <span class='ocrx_word' id='word_1_93' title='bbox 662 1468 992 1529; x_wconf 88' lang='lat' dir='ltr'>triumviros</span> <span class='ocrx_word' id='word_1_94' title='bbox 1021 1480 1290 1530; x_wconf 82' lang='lat' dir='ltr'>creavere</span> <span class='ocrx_word' id='word_1_95' title='bbox 1318 1489 1389 1529; x_wconf 89' lang='lat' dir='ltr'>ac</span> <span class='ocrx_word' id='word_1_96' title='bbox 1418 1469 1631 1530; x_wconf 90' lang='lat' dir='ltr'>misere</span> <span class='ocrx_word' id='word_1_97' title='bbox 1659 1472 2007 1530; x_wconf 89' lang='lat' dir='ltr'>colonorum</span> <span class='ocrx_word' id='word_1_98' title='bbox 2038 1479 2316 1546; x_wconf 89' lang='lat' dir='ltr'>quattuor</span> <span class='ocrx_word' id='word_1_99' title='bbox 2353 1467 2515 1527; x_wconf 90' lang='lat' dir='ltr'>milia</span> 
     </span>
     <span class='ocr_line' id='line_1_14' title="bbox 526 1565 2366 1643; baseline 0.001 -19"><span class='ocrx_word' id='word_1_100' title='bbox 526 1565 906 1643; x_wconf 90' lang='lat' dir='ltr'>insequentes</span> <span class='ocrx_word' id='word_1_101' title='bbox 935 1569 1208 1627; x_wconf 91' lang='lat' dir='ltr'>consules</span> <span class='ocrx_word' id='word_1_102' title='bbox 1240 1569 1325 1626; x_wconf 92' lang='lat' dir='ltr'>M.</span> <span class='ocrx_word' id='word_1_103' title='bbox 1359 1566 1645 1640; x_wconf 85' lang='lat' dir='ltr'>Valerius,</span> <span class='ocrx_word' id='word_1_104' title='bbox 1677 1571 1739 1627; x_wconf 89' lang='lat' dir='ltr'>P.</span> <span class='ocrx_word' id='word_1_105' title='bbox 1775 1566 2015 1627; x_wconf 79' lang='lat' dir='ltr'>Decius,</span> <span class='ocrx_word' id='word_1_106' title='bbox 2365 1568 2366 1571; x_wconf 69' lang='grc'>’</span> 
     </span>
     <span class='ocr_line' id='line_1_15' title="bbox 413 1663 2514 1741; baseline -0.001 -16"><span class='ocrx_word' id='word_1_107' title='bbox 413 1675 504 1740; x_wconf 85' lang='lat'>29</span> <span class='ocrx_word' id='word_1_108' title='bbox 612 1663 928 1741; x_wconf 91' lang='lat' dir='ltr'>Profligato</span> <span class='ocrx_word' id='word_1_109' title='bbox 956 1667 1076 1725; x_wconf 89' lang='lat' dir='ltr'>fere</span> <span class='ocrx_word' id='word_1_110' title='bbox 1106 1663 1460 1725; x_wconf 89' lang='lat' dir='ltr'>Samnitium</span> <span class='ocrx_word' id='word_1_111' title='bbox 1491 1665 1666 1737; x_wconf 92' lang='lat' dir='ltr'>bello,</span> <span class='ocrx_word' id='word_1_112' title='bbox 1698 1664 2040 1741; x_wconf 90' lang='lat' dir='ltr'>priusquam</span> <span class='ocrx_word' id='word_1_113' title='bbox 2080 1683 2151 1724; x_wconf 90' lang='lat' dir='ltr'>ea</span> <span class='ocrx_word' id='word_1_114' title='bbox 2173 1665 2319 1723; x_wconf 66' lang='lat' dir='ltr'>‘cura</span> <span class='ocrx_word' id='word_1_115' title='bbox 2345 1664 2514 1723; x_wconf 90' lang='lat' dir='ltr'>dece-</span> 
     </span>
     <span class='ocr_line' id='line_1_16' title="bbox 473 1761 2514 1839; baseline 0.002 -23"><span class='ocrx_word' id='word_1_116' title='bbox 473 1780 499 1815; x_wconf 85' lang='lat'>2</span> <span class='ocrx_word' id='word_1_117' title='bbox 529 1762 694 1821; x_wconf 89' lang='lat' dir='ltr'>deret</span> <span class='ocrx_word' id='word_1_118' title='bbox 722 1762 984 1839; x_wconf 87' lang='lat' dir='ltr'>patribus</span> <span class='ocrx_word' id='word_1_119' title='bbox 1015 1764 1328 1838; x_wconf 82' lang='lat' dir='ltr'>RomaniS,</span> <span class='ocrx_word' id='word_1_120' title='bbox 1358 1761 1593 1822; x_wconf 87' lang='lat' dir='ltr'>Etrusci</span> <span class='ocrx_word' id='word_1_121' title='bbox 1622 1761 1761 1822; x_wconf 90' lang='lat' dir='ltr'>belli</span> <span class='ocrx_word' id='word_1_122' title='bbox 1791 1764 1947 1821; x_wconf 88' lang='lat' dir='ltr'>fama</span> <span class='ocrx_word' id='word_1_123' title='bbox 1984 1772 2185 1822; x_wconf 86' lang='lat' dir='ltr'>exorta</span> <span class='ocrx_word' id='word_1_124' title='bbox 2212 1771 2317 1821; x_wconf 90' lang='lat' dir='ltr'>est.</span> <span class='ocrx_word' id='word_1_125' title='bbox 2401 1780 2514 1820; x_wconf 91' lang='lat' dir='ltr'>nec</span> 
     </span>
     <span class='ocr_line' id='line_1_17' title="bbox 527 1857 2515 1937; baseline -0.001 -18"><span class='ocrx_word' id='word_1_126' title='bbox 527 1869 650 1919; x_wconf 92' lang='lat' dir='ltr'>erat</span> <span class='ocrx_word' id='word_1_127' title='bbox 705 1879 776 1919; x_wconf 92' lang='lat' dir='ltr'>ea</span> <span class='ocrx_word' id='word_1_128' title='bbox 830 1870 1180 1937; x_wconf 90' lang='lat' dir='ltr'>tempestate</span> <span class='ocrx_word' id='word_1_129' title='bbox 1235 1880 1380 1937; x_wconf 90' lang='lat' dir='ltr'>gens</span> <span class='ocrx_word' id='word_1_130' title='bbox 1435 1859 1571 1934; x_wconf 88' lang='lat' dir='ltr'>alia,</span> <span class='ocrx_word' id='word_1_131' title='bbox 1625 1861 1793 1920; x_wconf 90' lang='lat' dir='ltr'>cuius</span> <span class='ocrx_word' id='word_1_132' title='bbox 1860 1861 2189 1919; x_wconf 90' lang='lat' dir='ltr'>secundum</span> <span class='ocrx_word' id='word_1_133' title='bbox 2253 1857 2515 1919; x_wconf 92' lang='lat' dir='ltr'>Gallicos</span> 
     </span>
     <span class='ocr_line' id='line_1_18' title="bbox 527 1955 2514 2035; baseline -0.001 -19"><span class='ocrx_word' id='word_1_134' title='bbox 527 1959 814 2016; x_wconf 90' lang='lat' dir='ltr'>tumultus</span> <span class='ocrx_word' id='word_1_135' title='bbox 869 1977 1031 2017; x_wconf 88' lang='lat' dir='ltr'>arma</span> <span class='ocrx_word' id='word_1_136' title='bbox 1076 1956 1423 2018; x_wconf 90' lang='lat' dir='ltr'>terribiliora</span> <span class='ocrx_word' id='word_1_137' title='bbox 1471 1968 1668 2018; x_wconf 89' lang='lat' dir='ltr'>essent</span> <span class='ocrx_word' id='word_1_138' title='bbox 1713 1978 1852 2017; x_wconf 90' lang='lat' dir='ltr'>cum</span> <span class='ocrx_word' id='word_1_139' title='bbox 1900 1956 2340 2035; x_wconf 88' lang='lat' dir='ltr'>propinquitate</span> <span class='ocrx_word' id='word_1_140' title='bbox 2393 1955 2514 2032; x_wconf 86' lang='lat' dir='ltr'>agri</span> 
     </span>
     <span class='ocr_line' id='line_1_19' title="bbox 473 2052 2516 2133; baseline -0 -20"><span class='ocrx_word' id='word_1_141' title='bbox 473 2069 506 2120; x_wconf 73' lang='lat'><strong>3</strong></span> <span class='ocrx_word' id='word_1_142' title='bbox 529 2064 654 2113; x_wconf 90' lang='lat' dir='ltr'>tum</span> <span class='ocrx_word' id='word_1_143' title='bbox 685 2053 1064 2115; x_wconf 89' lang='lat' dir='ltr'>multitudine</span> <span class='ocrx_word' id='word_1_144' title='bbox 1087 2053 1416 2115; x_wconf 90' lang='lat' dir='ltr'>hominum.</span> <span class='ocrx_word' id='word_1_145' title='bbox 1474 2053 1674 2133; x_wconf 91' lang='lat' dir='ltr'>itaque</span> <span class='ocrx_word' id='word_1_146' title='bbox 1702 2057 1887 2115; x_wconf 91' lang='lat' dir='ltr'>altero</span> <span class='ocrx_word' id='word_1_147' title='bbox 1909 2055 2153 2114; x_wconf 90' lang='lat' dir='ltr'>consule</span> <span class='ocrx_word' id='word_1_148' title='bbox 2181 2053 2243 2112; x_wconf 89' lang='lat' dir='ltr'>in</span> <span class='ocrx_word' id='word_1_149' title='bbox 2272 2052 2516 2112; x_wconf 89' lang='lat' dir='ltr'>Samnio</span> 
     </span>
     <span class='ocr_line' id='line_1_20' title="bbox 527 2150 2517 2231; baseline -0.001 -19"><span class='ocrx_word' id='word_1_150' title='bbox 527 2150 802 2229; x_wconf 88' lang='lat' dir='ltr'>reliquias</span> <span class='ocrx_word' id='word_1_151' title='bbox 856 2151 996 2212; x_wconf 90' lang='lat' dir='ltr'>belli</span> <span class='ocrx_word' id='word_1_152' title='bbox 1051 2153 1427 2231; x_wconf 88' lang='lat' dir='ltr'>persequenti</span> <span class='ocrx_word' id='word_1_153' title='bbox 1480 2156 1545 2212; x_wconf 91' lang='lat' dir='ltr'>P.</span> <span class='ocrx_word' id='word_1_154' title='bbox 1593 2152 1833 2225; x_wconf 84' lang='lat' dir='ltr'>DeciuS,</span> <span class='ocrx_word' id='word_1_155' title='bbox 1885 2151 1989 2229; x_wconf 94' lang='lat' dir='ltr'>qui</span> <span class='ocrx_word' id='word_1_156' title='bbox 2043 2150 2291 2229; x_wconf 86' lang='lat' dir='ltr'>graviter</span> <span class='ocrx_word' id='word_1_157' title='bbox 2345 2170 2517 2228; x_wconf 87' lang='lat' dir='ltr'>aeger</span> 
     </span>
     <span class='ocr_line' id='line_1_21' title="bbox 530 2249 2517 2325; baseline -0.001 -16"><span class='ocrx_word' id='word_1_158' title='bbox 530 2252 763 2309; x_wconf 88' lang='lat' dir='ltr'>Romae</span> <span class='ocrx_word' id='word_1_159' title='bbox 803 2249 1106 2322; x_wconf 90' lang='lat' dir='ltr'>restiterat,</span> <span class='ocrx_word' id='word_1_160' title='bbox 1150 2260 1392 2311; x_wconf 91' lang='lat' dir='ltr'>auctore</span> <span class='ocrx_word' id='word_1_161' title='bbox 1434 2260 1644 2311; x_wconf 89' lang='lat' dir='ltr'>senatu</span> <span class='ocrx_word' id='word_1_162' title='bbox 1687 2250 2037 2311; x_wconf 89' lang='lat' dir='ltr'>dictatorem</span> <span class='ocrx_word' id='word_1_163' title='bbox 2087 2251 2150 2309; x_wconf 90' lang='lat' dir='ltr'>C.</span> <span class='ocrx_word' id='word_1_164' title='bbox 2199 2250 2517 2325; x_wconf 82' lang='lat' dir='ltr'>Sulpicium</span> 
     </span>
     <span class='ocr_line' id='line_1_22' title="bbox 529 2345 2513 2423; baseline 0.001 -19"><span class='ocrx_word' id='word_1_165' title='bbox 529 2348 809 2421; x_wconf 80' lang='lat' dir='ltr'>Longum,</span> <span class='ocrx_word' id='word_1_166' title='bbox 841 2346 893 2405; x_wconf 81' lang='lat' dir='ltr'>is</span> <span class='ocrx_word' id='word_1_167' title='bbox 930 2346 1271 2421; x_wconf 64' lang='lat' dir='ltr'>magistrum</span> <span class='ocrx_word' id='word_1_168' title='bbox 1308 2348 1560 2423; x_wconf 84' lang='lat' dir='ltr'>equitum</span> <span class='ocrx_word' id='word_1_169' title='bbox 1590 2348 1659 2409; x_wconf 93' lang='lat' dir='ltr'>C.</span> <span class='ocrx_word' id='word_1_170' title='bbox 1695 2347 1936 2406; x_wconf 89' lang='lat' dir='ltr'>Iunium</span> <span class='ocrx_word' id='word_1_171' title='bbox 1977 2346 2315 2406; x_wconf 91' lang='lat' dir='ltr'>Bubulcum</span> <span class='ocrx_word' id='word_1_172' title='bbox 2349 2345 2513 2406; x_wconf 86' lang='lat' dir='ltr'>dixit.</span> 
     </span>
     <span class='ocr_line' id='line_1_23' title="bbox 471 2441 2515 2521; baseline 0.001 -20"><span class='ocrx_word' id='word_1_173' title='bbox 471 2463 507 2514; x_wconf 86' lang='lat'>4</span> <span class='ocrx_word' id='word_1_174' title='bbox 530 2441 598 2515; x_wconf 89' lang='lat' dir='ltr'>is,</span> <span class='ocrx_word' id='word_1_175' title='bbox 642 2452 816 2519; x_wconf 90' lang='lat' dir='ltr'>prout</span> <span class='ocrx_word' id='word_1_176' title='bbox 858 2442 941 2502; x_wconf 89' lang='lat' dir='ltr'>rei</span> <span class='ocrx_word' id='word_1_177' title='bbox 979 2442 1326 2520; x_wconf 89' lang='lat' dir='ltr'>magnitudo</span> <span class='ocrx_word' id='word_1_178' title='bbox 1370 2445 1724 2521; x_wconf 86' lang='lat' dir='ltr'>postulabat,</span> <span class='ocrx_word' id='word_1_179' title='bbox 1771 2463 1979 2503; x_wconf 91' lang='lat' dir='ltr'>omnes</span> <span class='ocrx_word' id='word_1_180' title='bbox 2028 2442 2286 2503; x_wconf 89' lang='lat' dir='ltr'>iuniores</span> <span class='ocrx_word' id='word_1_181' title='bbox 2335 2463 2515 2503; x_wconf 89' lang='lat' dir='ltr'>sacra·</span> 
     </span>
     <span class='ocr_line' id='line_1_24' title="bbox 531 2539 2518 2619; baseline -0.001 -19"><span class='ocrx_word' id='word_1_182' title='bbox 531 2550 737 2601; x_wconf 90' lang='lat' dir='ltr'>mento</span> <span class='ocrx_word' id='word_1_183' title='bbox 765 2539 964 2617; x_wconf 89' lang='lat' dir='ltr'>adigit,</span> <span class='ocrx_word' id='word_1_184' title='bbox 995 2560 1159 2600; x_wconf 90' lang='lat' dir='ltr'>arma</span> <span class='ocrx_word' id='word_1_185' title='bbox 1186 2560 1460 2619; x_wconf 89' lang='lat' dir='ltr'>quaeque</span> <span class='ocrx_word' id='word_1_186' title='bbox 1487 2541 1601 2602; x_wconf 89' lang='lat' dir='ltr'>alia</span> <span class='ocrx_word' id='word_1_187' title='bbox 1628 2561 1719 2601; x_wconf 90' lang='lat' dir='ltr'>res</span> <span class='ocrx_word' id='word_1_188' title='bbox 1751 2540 1943 2618; x_wconf 92' lang='lat' dir='ltr'>poscit</span> <span class='ocrx_word' id='word_1_189' title='bbox 1972 2560 2204 2601; x_wconf 88' lang='lat' dir='ltr'>summa</span> <span class='ocrx_word' id='word_1_190' title='bbox 2231 2539 2518 2601; x_wconf 89' lang='lat' dir='ltr'>industria</span> 
     </span>
     <span class='ocr_line' id='line_1_25' title="bbox 529 2638 2519 2717; baseline 0.001 -20"><span class='ocrx_word' id='word_1_191' title='bbox 529 2648 695 2717; x_wconf 88' lang='lat' dir='ltr'>parat</span> <span class='ocrx_word' id='word_1_192' title='bbox 716 2659 734 2713; x_wconf 84' lang='lat'>3</span> <span class='ocrx_word' id='word_1_193' title='bbox 797 2658 909 2698; x_wconf 90' lang='lat' dir='ltr'>nec</span> <span class='ocrx_word' id='word_1_194' title='bbox 957 2638 1134 2700; x_wconf 90' lang='lat' dir='ltr'>tantis</span> <span class='ocrx_word' id='word_1_195' title='bbox 1182 2640 1561 2717; x_wconf 89' lang='lat' dir='ltr'>apparatibus</span> <span class='ocrx_word' id='word_1_196' title='bbox 1617 2640 1805 2701; x_wconf 89' lang='lat' dir='ltr'>elatus</span> <span class='ocrx_word' id='word_1_197' title='bbox 1861 2641 1939 2699; x_wconf 91' lang='lat' dir='ltr'>de</span> <span class='ocrx_word' id='word_1_198' title='bbox 1994 2638 2304 2700; x_wconf 90' lang='lat' dir='ltr'>inferendo</span> <span class='ocrx_word' id='word_1_199' title='bbox 2361 2639 2519 2699; x_wconf 90' lang='lat' dir='ltr'>bello</span> 
     </span>
     <span class='ocr_line' id='line_1_26' title="bbox 529 2728 2519 2813; baseline 0 -18"><span class='ocrx_word' id='word_1_200' title='bbox 529 2737 724 2813; x_wconf 87' lang='lat' dir='ltr'>agitat,</span> <span class='ocrx_word' id='word_1_201' title='bbox 779 2735 1082 2813; x_wconf 88' lang='lat' dir='ltr'>quieturus</span> <span class='ocrx_word' id='word_1_202' title='bbox 1130 2738 1291 2798; x_wconf 91' lang='lat' dir='ltr'>haud</span> <span class='ocrx_word' id='word_1_203' title='bbox 1340 2738 1541 2811; x_wconf 89' lang='lat' dir='ltr'>dubie,</span> <span class='ocrx_word' id='word_1_204' title='bbox 1587 2735 1702 2797; x_wconf 93' lang='lat' dir='ltr'>nisi</span> <span class='ocrx_word' id='word_1_205' title='bbox 1745 2738 1901 2796; x_wconf 93' lang='lat' dir='ltr'>ultro</span> <span class='ocrx_word' id='word_1_206' title='bbox 1940 2728 2104 2796; x_wconf 82' lang='lat' dir='ltr'>arma</span> <span class='ocrx_word' id='word_1_207' title='bbox 2154 2738 2388 2796; x_wconf 90' lang='lat' dir='ltr'>Etrusci</span> <span class='ocrx_word' id='word_1_208' title='bbox 2436 2735 2519 2796; x_wconf 91' lang='lat' dir='ltr'>in-</span> 
     </span>
     <span class='ocr_line' id='line_1_27' title="bbox 481 2833 2520 2917; baseline 0 -25"><span class='ocrx_word' id='word_1_209' title='bbox 481 2851 510 2901; x_wconf 89' lang='lat'><strong>5</strong></span> <span class='ocrx_word' id='word_1_210' title='bbox 530 2835 764 2894; x_wconf 88' lang='lat' dir='ltr'>ferrent.</span> <span class='ocrx_word' id='word_1_211' title='bbox 850 2835 1061 2894; x_wconf 89' lang='lat' dir='ltr'>eadem</span> <span class='ocrx_word' id='word_1_212' title='bbox 1089 2834 1150 2893; x_wconf 91' lang='lat' dir='ltr'>in</span> <span class='ocrx_word' id='word_1_213' title='bbox 1180 2836 1586 2912; x_wconf 88' lang='lat' dir='ltr'>comparando</span> <span class='ocrx_word' id='word_1_214' title='bbox 1603 2834 2067 2911; x_wconf 87' lang='lat' dir='ltr'>cohibendoque</span> <span class='ocrx_word' id='word_1_215' title='bbox 2086 2834 2245 2894; x_wconf 91' lang='lat' dir='ltr'>bello</span> <span class='ocrx_word' id='word_1_216' title='bbox 2272 2833 2520 2917; x_wconf 69' lang='lat' dir='ltr'>consilia</span> 
     </span>
     <span class='ocr_line' id='line_1_28' title="bbox 532 2931 2060 3008; baseline -0.001 -17"><span class='ocrx_word' id='word_1_217' title='bbox 532 2942 592 2991; x_wconf 90' lang='lat' dir='ltr'>et</span> <span class='ocrx_word' id='word_1_218' title='bbox 620 2932 779 3007; x_wconf 91' lang='lat' dir='ltr'>apud</span> <span class='ocrx_word' id='word_1_219' title='bbox 809 2932 1091 2992; x_wconf 91' lang='lat' dir='ltr'>Etruscos</span> <span class='ocrx_word' id='word_1_220' title='bbox 1121 2935 1316 2993; x_wconf 86' lang='lat' dir='ltr'>fuere:</span> <span class='ocrx_word' id='word_1_221' title='bbox 1360 2931 1553 2992; x_wconf 89' lang='lat' dir='ltr'>neutri</span> <span class='ocrx_word' id='word_1_222' title='bbox 1581 2932 1800 2993; x_wconf 91' lang='lat' dir='ltr'>finibus</span> <span class='ocrx_word' id='word_1_223' title='bbox 1829 2931 2060 3008; x_wconf 91' lang='lat' dir='ltr'>egressi.</span> 
     </span>
     <span class='ocr_line' id='line_1_29' title="bbox 618 3028 2516 3107; baseline 0.001 -20"><span class='ocrx_word' id='word_1_224' title='bbox 618 3031 695 3088; x_wconf 94' lang='lat' dir='ltr'>Et</span> <span class='ocrx_word' id='word_1_225' title='bbox 723 3048 972 3088; x_wconf 90' lang='lat' dir='ltr'>censura</span> <span class='ocrx_word' id='word_1_226' title='bbox 1009 3030 1164 3088; x_wconf 91' lang='lat' dir='ltr'>clara</span> <span class='ocrx_word' id='word_1_227' title='bbox 1205 3049 1280 3089; x_wconf 93' lang='lat' dir='ltr'>eo</span> <span class='ocrx_word' id='word_1_228' title='bbox 1317 3049 1478 3089; x_wconf 89' lang='lat' dir='ltr'>anno</span> <span class='ocrx_word' id='word_1_229' title='bbox 1516 3034 1631 3107; x_wconf 94' lang='lat' dir='ltr'>Ap.</span> <span class='ocrx_word' id='word_1_230' title='bbox 1671 3028 1908 3092; x_wconf 89' lang='lat' dir='ltr'>Claudii</span> <span class='ocrx_word' id='word_1_231' title='bbox 1937 3040 1997 3090; x_wconf 90' lang='lat' dir='ltr'>et</span> <span class='ocrx_word' id='word_1_232' title='bbox 2035 3029 2105 3091; x_wconf 92' lang='lat' dir='ltr'>C.</span> <span class='ocrx_word' id='word_1_233' title='bbox 2147 3028 2363 3089; x_wconf 86' lang='lat' dir='ltr'>Plautii</span> <span class='ocrx_word' id='word_1_234' title='bbox 2391 3028 2516 3102; x_wconf 89' lang='lat' dir='ltr'>fuit,</span> 
     </span>
     <span class='ocr_line' id='line_1_30' title="bbox 480 3125 2520 3205; baseline -0.002 -16"><span class='ocrx_word' id='word_1_235' title='bbox 480 3140 511 3189; x_wconf 93' lang='lat'><strong>6</strong></span> <span class='ocrx_word' id='word_1_236' title='bbox 537 3125 856 3187; x_wconf 89' lang='lat' dir='ltr'>memoriae</span> <span class='ocrx_word' id='word_1_237' title='bbox 890 3136 1090 3187; x_wconf 89' lang='lat' dir='ltr'>tamen</span> <span class='ocrx_word' id='word_1_238' title='bbox 1125 3126 1399 3188; x_wconf 89' lang='lat' dir='ltr'>felicioris</span> <span class='ocrx_word' id='word_1_239' title='bbox 1441 3129 1520 3187; x_wconf 90' lang='lat' dir='ltr'>ad</span> <span class='ocrx_word' id='word_1_240' title='bbox 1559 3138 1827 3205; x_wconf 89' lang='lat' dir='ltr'>posteros</span> <span class='ocrx_word' id='word_1_241' title='bbox 1865 3146 2088 3187; x_wconf 90' lang='lat' dir='ltr'>nomen</span> <span class='ocrx_word' id='word_1_242' title='bbox 2126 3125 2323 3203; x_wconf 93' lang='lat' dir='ltr'>Appii,</span> <span class='ocrx_word' id='word_1_243' title='bbox 2356 3128 2520 3203; x_wconf 90' lang='lat' dir='ltr'>quod</span> 
     </span>
     <span class='ocr_line' id='line_1_31' title="bbox 535 3221 2520 3302; baseline -0.001 -18"><span class='ocrx_word' id='word_1_244' title='bbox 535 3224 690 3285; x_wconf 90' lang='lat' dir='ltr'>viam</span> <span class='ocrx_word' id='word_1_245' title='bbox 721 3221 971 3283; x_wconf 90' lang='lat' dir='ltr'>munivit</span> <span class='ocrx_word' id='word_1_246' title='bbox 999 3235 1057 3284; x_wconf 89' lang='lat' dir='ltr'>et</span> <span class='ocrx_word' id='word_1_247' title='bbox 1085 3244 1302 3301; x_wconf 87' lang='lat' dir='ltr'>aquam</span> <span class='ocrx_word' id='word_1_248' title='bbox 1332 3224 1395 3284; x_wconf 90' lang='lat' dir='ltr'>in</span> <span class='ocrx_word' id='word_1_249' title='bbox 1422 3225 1631 3285; x_wconf 91' lang='lat' dir='ltr'>urbem</span> <span class='ocrx_word' id='word_1_250' title='bbox 1660 3224 1828 3285; x_wconf 87' lang='lat' dir='ltr'>duxit</span> <span class='ocrx_word' id='word_1_251' title='bbox 1861 3245 2049 3302; x_wconf 87' lang='lat' dir='ltr'>eaque</span> <span class='ocrx_word' id='word_1_252' title='bbox 2078 3245 2231 3284; x_wconf 91' lang='lat' dir='ltr'>unus</span> <span class='ocrx_word' id='word_1_253' title='bbox 2260 3224 2520 3301; x_wconf 90' lang='lat' dir='ltr'>perfecit,</span> 
     </span>
     <span class='ocr_line' id='line_1_32' title="bbox 485 3321 2523 3400; baseline -0 -18"><span class='ocrx_word' id='word_1_254' title='bbox 485 3341 511 3395; x_wconf 86' lang='lat'><em>7</em></span> <span class='ocrx_word' id='word_1_255' title='bbox 538 3321 677 3400; x_wconf 88' lang='lat' dir='ltr'>quia</span> <span class='ocrx_word' id='word_1_256' title='bbox 705 3322 785 3382; x_wconf 93' lang='lat' dir='ltr'>ob</span> <span class='ocrx_word' id='word_1_257' title='bbox 823 3321 1105 3382; x_wconf 88' lang='lat' dir='ltr'>infamem</span> <span class='ocrx_word' id='word_1_258' title='bbox 1144 3333 1323 3400; x_wconf 89' lang='lat' dir='ltr'>atque</span> <span class='ocrx_word' id='word_1_259' title='bbox 1357 3322 1711 3384; x_wconf 89' lang='lat' dir='ltr'>invidiosam</span> <span class='ocrx_word' id='word_1_260' title='bbox 1740 3333 1979 3383; x_wconf 91' lang='lat' dir='ltr'>senatus</span> <span class='ocrx_word' id='word_1_261' title='bbox 2021 3322 2337 3382; x_wconf 88' lang='lat' dir='ltr'>lectionem</span> <span class='ocrx_word' id='word_1_262' title='bbox 2367 3341 2523 3381; x_wconf 89' lang='lat' dir='ltr'>vere-</span> 
     </span>
     <span class='ocr_line' id='line_1_33' title="bbox 482 3418 2522 3497; baseline 0 -18"><span class='ocrx_word' id='word_1_263' title='bbox 482 3435 515 3485; x_wconf 83' lang='lat'><strong>8</strong></span> <span class='ocrx_word' id='word_1_264' title='bbox 538 3418 757 3480; x_wconf 91' lang='lat' dir='ltr'>cundia</span> <span class='ocrx_word' id='word_1_265' title='bbox 807 3420 993 3480; x_wconf 90' lang='lat' dir='ltr'>victus</span> <span class='ocrx_word' id='word_1_266' title='bbox 1038 3421 1264 3497; x_wconf 88' lang='lat' dir='ltr'>collega</span> <span class='ocrx_word' id='word_1_267' title='bbox 1309 3419 1650 3497; x_wconf 89' lang='lat' dir='ltr'>magistratu</span> <span class='ocrx_word' id='word_1_268' title='bbox 1699 3439 1763 3480; x_wconf 91' lang='lat' dir='ltr'>se</span> <span class='ocrx_word' id='word_1_269' title='bbox 1816 3419 2230 3495; x_wconf 86' lang='lat' dir='ltr'>abdicaverat;</span> <span class='ocrx_word' id='word_1_270' title='bbox 2291 3419 2522 3497; x_wconf 92' lang='lat' dir='ltr'>Appius</span> 
     </span>
     <span class='ocr_line' id='line_1_34' title="bbox 536 3515 2523 3594; baseline -0.001 -18"><span class='ocrx_word' id='word_1_271' title='bbox 536 3517 655 3578; x_wconf 89' lang='lat' dir='ltr'>iarn</span> <span class='ocrx_word' id='word_1_272' title='bbox 701 3516 842 3577; x_wconf 91' lang='lat' dir='ltr'>inde</span> <span class='ocrx_word' id='word_1_273' title='bbox 888 3515 1212 3593; x_wconf 90' lang='lat' dir='ltr'>antiquitus</span> <span class='ocrx_word' id='word_1_274' title='bbox 1257 3516 1494 3577; x_wconf 89' lang='lat' dir='ltr'>insitam</span> <span class='ocrx_word' id='word_1_275' title='bbox 1539 3516 1921 3594; x_wconf 89' lang='lat' dir='ltr'>pertinaciam</span> <span class='ocrx_word' id='word_1_276' title='bbox 1959 3515 2215 3576; x_wconf 88' lang='lat' dir='ltr'>familiae</span> <span class='ocrx_word' id='word_1_277' title='bbox 2262 3518 2523 3593; x_wconf 91' lang='lat' dir='ltr'>gerendo</span> 
     </span>
     <span class='ocr_line' id='line_1_35' title="bbox 485 3611 2518 3691; baseline -0.002 -15"><span class='ocrx_word' id='word_1_278' title='bbox 485 3634 518 3685; x_wconf 91' lang='lat'>9</span> <span class='ocrx_word' id='word_1_279' title='bbox 539 3617 699 3677; x_wconf 89' lang='lat' dir='ltr'>solus</span> <span class='ocrx_word' id='word_1_280' title='bbox 755 3634 1064 3675; x_wconf 89' lang='lat' dir='ltr'>censuram</span> <span class='ocrx_word' id='word_1_281' title='bbox 1119 3612 1394 3675; x_wconf 90' lang='lat' dir='ltr'>obtinuit.</span> <span class='ocrx_word' id='word_1_282' title='bbox 1480 3616 1716 3675; x_wconf 83' lang='lat' dir='ltr'>eodem.</span> <span class='ocrx_word' id='word_1_283' title='bbox 1751 3613 1951 3691; x_wconf 89' lang='lat' dir='ltr'>Appio</span> <span class='ocrx_word' id='word_1_284' title='bbox 2006 3624 2246 3674; x_wconf 89' lang='lat' dir='ltr'>auctore</span> <span class='ocrx_word' id='word_1_285' title='bbox 2302 3611 2518 3686; x_wconf 85' lang='lat' dir='ltr'>Potitii,</span> 
     </span>
    </p>
   </div>
  </div>
 </body>
</html>
