<?xml version="1.0" encoding="UTF-8"?>
<!DOCTYPE html PUBLIC "-//W3C//DTD XHTML 1.0 Transitional//EN"
    "http://www.w3.org/TR/xhtml1/DTD/xhtml1-transitional.dtd">
<html xmlns="http://www.w3.org/1999/xhtml" xml:lang="en" lang="en">
 <head>
  <title>
</title>
<meta http-equiv="Content-Type" content="text/html;charset=utf-8" />
  <meta name='ocr-system' content='tesseract 3.04.00' />
  <meta name='ocr-capabilities' content='ocr_page ocr_carea ocr_par ocr_line ocrx_word'/>
</head>
<body>
  <div class='ocr_page' id='page_1' title='image "./tliviaburbacond00livygoog_0050.png"; bbox 0 0 2909 4381; ppageno 0'>
   <div class='ocr_carea' id='block_1_1' title="bbox 1296 255 1588 314">
    <p class='ocr_par' dir='ltr' id='par_1_1' title="bbox 1296 255 1588 314">
     <span class='ocr_line' id='line_1_1' title="bbox 1296 255 1588 314; baseline 0.01 -3"><span class='ocrx_word' id='word_1_1' title='bbox 1296 255 1369 311; x_wconf 89' lang='lat' dir='ltr'><strong>T.</strong></span> <span class='ocrx_word' id='word_1_2' title='bbox 1414 255 1588 314; x_wconf 94' lang='lat' dir='ltr'>LIVI</span> 
     </span>
    </p>
   </div>
   <div class='ocr_carea' id='block_1_2' title="bbox 339 413 2439 3695">
    <p class='ocr_par' dir='ltr' id='par_1_2' title="bbox 339 413 2439 3695">
     <span class='ocr_line' id='line_1_2' title="bbox 444 413 2439 491; baseline 0.002 -19"><span class='ocrx_word' id='word_1_3' title='bbox 444 416 710 473; x_wconf 68' lang='lat' dir='ltr'><strong>‘tumultu</strong></span> <span class='ocrx_word' id='word_1_4' title='bbox 760 433 897 472; x_wconf 91' lang='lat' dir='ltr'><strong>curn</strong></span> <span class='ocrx_word' id='word_1_5' title='bbox 941 413 1219 473; x_wconf 89' lang='lat' dir='ltr'><strong>omnibus</strong></span> <span class='ocrx_word' id='word_1_6' title='bbox 1268 414 1475 474; x_wconf 86' lang='lat' dir='ltr'><strong>turmis</strong></span> <span class='ocrx_word' id='word_1_7' title='bbox 1522 415 1789 491; x_wconf 90' lang='lat' dir='ltr'><strong>equitum</strong></span> <span class='ocrx_word' id='word_1_8' title='bbox 1833 426 2069 475; x_wconf 89' lang='lat' dir='ltr'><strong>evectus</strong></span> <span class='ocrx_word' id='word_1_9' title='bbox 2120 416 2439 476; x_wconf 90' lang='lat' dir='ltr'><strong>summovit</strong></span> 
     </span>
     <span class='ocr_line' id='line_1_3' title="bbox 397 510 2439 590; baseline 0.001 -21"><span class='ocrx_word' id='word_1_10' title='bbox 397 532 423 580; x_wconf 84' lang='lat'>5</span> <span class='ocrx_word' id='word_1_11' title='bbox 455 513 704 570; x_wconf 86' lang='lat' dir='ltr'><strong>hostem.</strong></span> <span class='ocrx_word' id='word_1_12' title='bbox 811 520 937 569; x_wconf 90' lang='lat' dir='ltr'><strong>turn</strong></span> <span class='ocrx_word' id='word_1_13' title='bbox 1005 510 1064 569; x_wconf 91' lang='lat' dir='ltr'><strong>in</strong></span> <span class='ocrx_word' id='word_1_14' title='bbox 1130 512 1373 571; x_wconf 91' lang='lat' dir='ltr'><strong>minime</strong></span> <span class='ocrx_word' id='word_1_15' title='bbox 1437 511 1721 588; x_wconf 83' lang='lat' dir='ltr'>pertinaci</span> <span class='ocrx_word' id='word_1_16' title='bbox 1779 532 1993 588; x_wconf 82' lang='lat' dir='ltr'><strong>genere</strong></span> <span class='ocrx_word' id='word_1_17' title='bbox 2051 532 2285 590; x_wconf 84' lang='lat' dir='ltr'><strong>pugnae</strong></span> <span class='ocrx_word' id='word_1_18' title='bbox 2355 513 2439 573; x_wconf 90' lang='lat' dir='ltr'><strong>sic</strong></span> 
     </span>
     <span class='ocr_line' id='line_1_4' title="bbox 453 608 2439 686; baseline 0.002 -20"><span class='ocrx_word' id='word_1_19' title='bbox 453 610 688 668; x_wconf 90' lang='lat' dir='ltr'><strong>fortuna</strong></span> <span class='ocrx_word' id='word_1_20' title='bbox 731 608 988 668; x_wconf 86' lang='lat' dir='ltr'><strong>exercuit</strong></span> <span class='ocrx_word' id='word_1_21' title='bbox 1027 629 1186 686; x_wconf 83' lang='lat' dir='ltr'><strong>opeS,</strong></span> <span class='ocrx_word' id='word_1_22' title='bbox 1227 620 1291 669; x_wconf 94' lang='lat' dir='ltr'><strong>ut</strong></span> <span class='ocrx_word' id='word_1_23' title='bbox 1328 609 1572 686; x_wconf 86' lang='lat' dir='ltr'><strong>insignis</strong></span> <span class='ocrx_word' id='word_1_24' title='bbox 1615 610 1911 686; x_wconf 90' lang='lat' dir='ltr'><strong>utrimque</strong></span> <span class='ocrx_word' id='word_1_25' title='bbox 1949 612 2149 671; x_wconf 82' lang='lat' dir='ltr'><strong>clades</strong></span> <span class='ocrx_word' id='word_1_26' title='bbox 2185 622 2245 671; x_wconf 92' lang='lat' dir='ltr'><strong>et</strong></span> <span class='ocrx_word' id='word_1_27' title='bbox 2284 613 2439 671; x_wconf 90' lang='lat' dir='ltr'><strong>clara</strong></span> 
     </span>
     <span class='ocr_line' id='line_1_5' title="bbox 397 704 2433 785; baseline 0.002 -22"><span class='ocrx_word' id='word_1_28' title='bbox 397 714 428 762; x_wconf 95' lang='lat'><strong>6</strong></span> <span class='ocrx_word' id='word_1_29' title='bbox 452 704 713 781; x_wconf 90' lang='lat' dir='ltr'><strong>ipsorum</strong></span> <span class='ocrx_word' id='word_1_30' title='bbox 744 708 965 765; x_wconf 93' lang='lat' dir='ltr'><strong>ducum</strong></span> <span class='ocrx_word' id='word_1_31' title='bbox 996 707 1196 766; x_wconf 87' lang='lat' dir='ltr'><strong>ederet</strong></span> <span class='ocrx_word' id='word_1_32' title='bbox 1224 707 1444 767; x_wconf 88' lang='lat' dir='ltr'><strong>funera.</strong></span> <span class='ocrx_word' id='word_1_33' title='bbox 1533 707 1691 783; x_wconf 90' lang='lat' dir='ltr'><strong>prior</strong></span> <span class='ocrx_word' id='word_1_34' title='bbox 1715 706 2069 767; x_wconf 86' lang='lat' dir='ltr'><strong>Samnitium</strong></span> <span class='ocrx_word' id='word_1_35' title='bbox 2100 707 2433 785; x_wconf 89' lang='lat' dir='ltr'><strong>imperator,</strong></span> 
     </span>
     <span class='ocr_line' id='line_1_6' title="bbox 449 803 2434 881; baseline 0.002 -20"><span class='ocrx_word' id='word_1_36' title='bbox 449 822 622 879; x_wconf 84' lang='lat' dir='ltr'><strong>aegre</strong></span> <span class='ocrx_word' id='word_1_37' title='bbox 660 803 909 880; x_wconf 85' lang='lat' dir='ltr'><strong>patiens,</strong></span> <span class='ocrx_word' id='word_1_38' title='bbox 939 824 1060 880; x_wconf 94' lang='lat' dir='ltr'><strong>quo</strong></span> <span class='ocrx_word' id='word_1_39' title='bbox 1097 815 1219 863; x_wconf 89' lang='lat' dir='ltr'><strong>tam</strong></span> <span class='ocrx_word' id='word_1_40' title='bbox 1261 804 1530 864; x_wconf 90' lang='lat' dir='ltr'><strong>ferociter</strong></span> <span class='ocrx_word' id='word_1_41' title='bbox 1567 803 1967 881; x_wconf 88' lang='lat' dir='ltr'><strong>adequitasset</strong></span> <span class='ocrx_word' id='word_1_42' title='bbox 2004 804 2145 865; x_wconf 91' lang='lat' dir='ltr'><strong>inde</strong></span> <span class='ocrx_word' id='word_1_43' title='bbox 2174 825 2238 865; x_wconf 90' lang='lat' dir='ltr'><strong>se</strong></span> <span class='ocrx_word' id='word_1_44' title='bbox 2266 806 2434 866; x_wconf 90' lang='lat' dir='ltr'><strong>fundi</strong></span> 
     </span>
     <span class='ocr_line' id='line_1_7' title="bbox 449 901 2436 979; baseline 0.002 -21"><span class='ocrx_word' id='word_1_45' title='bbox 449 901 768 977; x_wconf 89' lang='lat' dir='ltr'><strong>fugarique,</strong></span> <span class='ocrx_word' id='word_1_46' title='bbox 823 903 1049 961; x_wconf 93' lang='lat' dir='ltr'><strong>orando</strong></span> <span class='ocrx_word' id='word_1_47' title='bbox 1095 903 1509 978; x_wconf 86' lang='lat' dir='ltr'><strong>hortandoque</strong></span> <span class='ocrx_word' id='word_1_48' title='bbox 1556 901 1783 979; x_wconf 90' lang='lat' dir='ltr'><strong>equites</strong></span> <span class='ocrx_word' id='word_1_49' title='bbox 1833 901 2122 979; x_wconf 92' lang='lat' dir='ltr'><strong>proelium</strong></span> <span class='ocrx_word' id='word_1_50' title='bbox 2172 902 2436 976; x_wconf 89' lang='lat' dir='ltr'><strong>iteravit;</strong></span> 
     </span>
     <span class='ocr_line' id='line_1_8' title="bbox 398 995 2435 1076; baseline 0 -17"><span class='ocrx_word' id='word_1_51' title='bbox 398 1005 424 1059; x_wconf 85' lang='lat'><strong>7</strong></span> <span class='ocrx_word' id='word_1_52' title='bbox 450 995 510 1057; x_wconf 91' lang='lat' dir='ltr'><strong>in</strong></span> <span class='ocrx_word' id='word_1_53' title='bbox 560 1017 737 1073; x_wconf 91' lang='lat' dir='ltr'><strong>quem</strong></span> <span class='ocrx_word' id='word_1_54' title='bbox 789 997 1080 1075; x_wconf 90' lang='lat' dir='ltr'><strong>insignem</strong></span> <span class='ocrx_word' id='word_1_55' title='bbox 1137 997 1287 1058; x_wconf 91' lang='lat' dir='ltr'><strong>inter</strong></span> <span class='ocrx_word' id='word_1_56' title='bbox 1343 1018 1482 1058; x_wconf 92' lang='lat' dir='ltr'><strong>suos</strong></span> <span class='ocrx_word' id='word_1_57' title='bbox 1532 998 1787 1059; x_wconf 90' lang='lat' dir='ltr'><strong>cientem</strong></span> <span class='ocrx_word' id='word_1_58' title='bbox 1844 1018 2103 1076; x_wconf 91' lang='lat' dir='ltr'><strong>pugnam</strong></span> <span class='ocrx_word' id='word_1_59' title='bbox 2161 999 2435 1076; x_wconf 88' lang='lat' dir='ltr'><strong>magister</strong></span> 
     </span>
     <span class='ocr_line' id='line_1_9' title="bbox 448 1093 2434 1172; baseline 0.001 -19"><span class='ocrx_word' id='word_1_60' title='bbox 448 1093 715 1170; x_wconf 90' lang='lat' dir='ltr'><strong>equitum</strong></span> <span class='ocrx_word' id='word_1_61' title='bbox 766 1098 1076 1154; x_wconf 90' lang='lat' dir='ltr'><strong>Romanus</strong></span> <span class='ocrx_word' id='word_1_62' title='bbox 1119 1097 1330 1155; x_wconf 89' lang='lat' dir='ltr'><strong>infesta</strong></span> <span class='ocrx_word' id='word_1_63' title='bbox 1371 1097 1618 1172; x_wconf 88' lang='lat' dir='ltr'><strong>cuspide</strong></span> <span class='ocrx_word' id='word_1_64' title='bbox 1660 1095 1743 1155; x_wconf 90' lang='lat' dir='ltr'><strong>ita</strong></span> <span class='ocrx_word' id='word_1_65' title='bbox 1783 1095 2046 1172; x_wconf 91' lang='lat' dir='ltr'><strong>permisit</strong></span> <span class='ocrx_word' id='word_1_66' title='bbox 2089 1116 2327 1172; x_wconf 90' lang='lat' dir='ltr'><strong>equum,</strong></span> <span class='ocrx_word' id='word_1_67' title='bbox 2368 1107 2434 1155; x_wconf 93' lang='lat' dir='ltr'><strong>ut</strong></span> 
     </span>
     <span class='ocr_line' id='line_1_10' title="bbox 446 1191 2432 1269; baseline 0.002 -19"><span class='ocrx_word' id='word_1_68' title='bbox 446 1211 570 1250; x_wconf 91' lang='lat' dir='ltr'><strong>uno</strong></span> <span class='ocrx_word' id='word_1_69' title='bbox 619 1191 738 1250; x_wconf 91' lang='lat' dir='ltr'><strong>ictu</strong></span> <span class='ocrx_word' id='word_1_70' title='bbox 795 1191 1126 1251; x_wconf 88' lang='lat' dir='ltr'><strong>exanimem</strong></span> <span class='ocrx_word' id='word_1_71' title='bbox 1183 1212 1340 1269; x_wconf 92' lang='lat' dir='ltr'><strong>equo</strong></span> <span class='ocrx_word' id='word_1_72' title='bbox 1395 1192 1820 1269; x_wconf 88' lang='lat' dir='ltr'><strong>praecipitaret.</strong></span> <span class='ocrx_word' id='word_1_73' title='bbox 1924 1212 2051 1265; x_wconf 92' lang='lat' dir='ltr'><strong>nec,</strong></span> <span class='ocrx_word' id='word_1_74' title='bbox 2105 1205 2170 1252; x_wconf 93' lang='lat' dir='ltr'><strong>ut</strong></span> <span class='ocrx_word' id='word_1_75' title='bbox 2222 1194 2308 1266; x_wconf 80' lang='lat' dir='ltr'><strong>fit,</strong></span> <span class='ocrx_word' id='word_1_76' title='bbox 2354 1195 2432 1254; x_wconf 94' lang='lat' dir='ltr'><strong>ad</strong></span> 
     </span>
     <span class='ocr_line' id='line_1_11' title="bbox 447 1288 2432 1366; baseline 0.001 -19"><span class='ocrx_word' id='word_1_77' title='bbox 447 1290 617 1348; x_wconf 89' lang='lat' dir='ltr'><strong>ducis</strong></span> <span class='ocrx_word' id='word_1_78' title='bbox 662 1309 864 1348; x_wconf 91' lang='lat' dir='ltr'><strong>casum</strong></span> <span class='ocrx_word' id='word_1_79' title='bbox 911 1291 1178 1366; x_wconf 90' lang='lat' dir='ltr'><strong>perculsa</strong></span> <span class='ocrx_word' id='word_1_80' title='bbox 1226 1288 1410 1365; x_wconf 89' lang='lat' dir='ltr'><strong>magis</strong></span> <span class='ocrx_word' id='word_1_81' title='bbox 1462 1309 1642 1365; x_wconf 91' lang='lat' dir='ltr'><strong>quam</strong></span> <span class='ocrx_word' id='word_1_82' title='bbox 1687 1289 1905 1349; x_wconf 88' lang='lat' dir='ltr'><strong>irritata</strong></span> <span class='ocrx_word' id='word_1_83' title='bbox 1947 1301 2035 1350; x_wconf 92' lang='lat' dir='ltr'><strong>est</strong></span> <span class='ocrx_word' id='word_1_84' title='bbox 2078 1289 2432 1350; x_wconf 87' lang='lat' dir='ltr'><strong>multitudo:</strong></span> 
     </span>
     <span class='ocr_line' id='line_1_12' title="bbox 395 1386 2433 1463; baseline 0.002 -22"><span class='ocrx_word' id='word_1_85' title='bbox 395 1394 423 1440; x_wconf 93' lang='lat'>8</span> <span class='ocrx_word' id='word_1_86' title='bbox 449 1405 674 1459; x_wconf 81' lang='lat' dir='ltr'><strong>omneS,</strong></span> <span class='ocrx_word' id='word_1_87' title='bbox 728 1388 829 1462; x_wconf 91' lang='lat' dir='ltr'><strong>qui</strong></span> <span class='ocrx_word' id='word_1_88' title='bbox 877 1386 1031 1446; x_wconf 89' lang='lat' dir='ltr'><strong>circa</strong></span> <span class='ocrx_word' id='word_1_89' title='bbox 1075 1396 1257 1459; x_wconf 90' lang='lat' dir='ltr'><strong>erant,</strong></span> <span class='ocrx_word' id='word_1_90' title='bbox 1305 1389 1365 1445; x_wconf 91' lang='lat' dir='ltr'><strong>in</strong></span> <span class='ocrx_word' id='word_1_91' title='bbox 1408 1387 1672 1458; x_wconf 92' lang='lat' dir='ltr'><strong>Aulium,</strong></span> <span class='ocrx_word' id='word_1_92' title='bbox 1718 1399 1938 1447; x_wconf 92' lang='lat' dir='ltr'><strong>temere</strong></span> <span class='ocrx_word' id='word_1_93' title='bbox 1980 1387 2281 1446; x_wconf 88' lang='lat' dir='ltr'><strong>invectum</strong></span> <span class='ocrx_word' id='word_1_94' title='bbox 2330 1406 2433 1463; x_wconf 92' lang='lat' dir='ltr'><strong>per</strong></span> 
     </span>
     <span class='ocr_line' id='line_1_13' title="bbox 393 1482 2432 1560; baseline 0.001 -20"><span class='ocrx_word' id='word_1_95' title='bbox 393 1509 422 1557; x_wconf 93' lang='lat'><strong>9</strong></span> <span class='ocrx_word' id='word_1_96' title='bbox 446 1482 710 1541; x_wconf 91' lang='lat' dir='ltr'><strong>hostium</strong></span> <span class='ocrx_word' id='word_1_97' title='bbox 745 1493 982 1557; x_wconf 89' lang='lat' dir='ltr'><strong>turmas,</strong></span> <span class='ocrx_word' id='word_1_98' title='bbox 1017 1485 1133 1542; x_wconf 92' lang='lat' dir='ltr'><strong>tela</strong></span> <span class='ocrx_word' id='word_1_99' title='bbox 1171 1482 1554 1543; x_wconf 91' lang='lat' dir='ltr'><strong>coniecerunt</strong></span> <span class='ocrx_word' id='word_1_100' title='bbox 1573 1505 1590 1557; x_wconf 81' lang='lat'>3</span> <span class='ocrx_word' id='word_1_101' title='bbox 1632 1483 1791 1543; x_wconf 90' lang='lat' dir='ltr'><strong>fratri</strong></span> <span class='ocrx_word' id='word_1_102' title='bbox 1830 1483 2212 1560; x_wconf 87' lang='lat' dir='ltr'><strong>praecipuum</strong></span> <span class='ocrx_word' id='word_1_103' title='bbox 2248 1484 2432 1543; x_wconf 92' lang='lat' dir='ltr'><strong>decus</strong></span> 
     </span>
     <span class='ocr_line' id='line_1_14' title="bbox 448 1579 2433 1657; baseline 0.001 -18"><span class='ocrx_word' id='word_1_104' title='bbox 448 1579 555 1639; x_wconf 91' lang='lat' dir='ltr'><strong>ulti</strong></span> <span class='ocrx_word' id='word_1_105' title='bbox 604 1580 958 1640; x_wconf 84' lang='lat' dir='ltr'><strong>Samnitium</strong></span> <span class='ocrx_word' id='word_1_106' title='bbox 1003 1580 1368 1657; x_wconf 90' lang='lat' dir='ltr'><strong>imperatoris</strong></span> <span class='ocrx_word' id='word_1_107' title='bbox 1416 1583 1485 1639; x_wconf 79' lang='lat' dir='ltr'><strong>di</strong></span> <span class='ocrx_word' id='word_1_108' title='bbox 1521 1582 1829 1641; x_wconf 91' lang='lat' dir='ltr'><strong>dederunt.</strong></span> <span class='ocrx_word' id='word_1_109' title='bbox 1917 1580 1967 1640; x_wconf 88' lang='lat' dir='ltr'><strong>is</strong></span> <span class='ocrx_word' id='word_1_110' title='bbox 2009 1580 2290 1640; x_wconf 89' lang='lat' dir='ltr'><strong>victorem</strong></span> <span class='ocrx_word' id='word_1_111' title='bbox 2334 1582 2433 1640; x_wconf 91' lang='lat' dir='ltr'><strong>de-</strong></span> 
     </span>
     <span class='ocr_line' id='line_1_15' title="bbox 449 1676 2430 1759; baseline 0 -23"><span class='ocrx_word' id='word_1_112' title='bbox 449 1687 697 1736; x_wconf 90' lang='lat' dir='ltr'><strong>tractum</strong></span> <span class='ocrx_word' id='word_1_113' title='bbox 727 1698 799 1737; x_wconf 86' lang='lat' dir='ltr'><strong>ex</strong></span> <span class='ocrx_word' id='word_1_114' title='bbox 837 1697 994 1754; x_wconf 90' lang='lat' dir='ltr'><strong>equo</strong></span> <span class='ocrx_word' id='word_1_115' title='bbox 1024 1676 1364 1754; x_wconf 87' lang='lat' dir='ltr'><strong>magistrum</strong></span> <span class='ocrx_word' id='word_1_116' title='bbox 1395 1676 1662 1754; x_wconf 91' lang='lat' dir='ltr'><strong>equitum</strong></span> <span class='ocrx_word' id='word_1_117' title='bbox 1693 1679 1903 1754; x_wconf 90' lang='lat' dir='ltr'><strong>plenus</strong></span> <span class='ocrx_word' id='word_1_118' title='bbox 1934 1676 2212 1759; x_wconf 88' lang='lat' dir='ltr'><strong>maeroris</strong></span> <span class='ocrx_word' id='word_1_119' title='bbox 2250 1684 2430 1753; x_wconf 89' lang='lat' dir='ltr'><strong>atque</strong></span> 
     </span>
     <span class='ocr_line' id='line_1_16' title="bbox 445 1773 2430 1850; baseline 0 -18"><span class='ocrx_word' id='word_1_120' title='bbox 445 1773 562 1832; x_wconf 93' lang='lat' dir='ltr'><strong>irae</strong></span> <span class='ocrx_word' id='word_1_121' title='bbox 603 1773 915 1834; x_wconf 89' lang='lat' dir='ltr'><strong>trucidavit</strong></span> <span class='ocrx_word' id='word_1_122' title='bbox 958 1794 1069 1834; x_wconf 92' lang='lat' dir='ltr'><strong>nec</strong></span> <span class='ocrx_word' id='word_1_123' title='bbox 1104 1776 1358 1834; x_wconf 90' lang='lat' dir='ltr'><strong>multum</strong></span> <span class='ocrx_word' id='word_1_124' title='bbox 1395 1773 1556 1845; x_wconf 92' lang='lat' dir='ltr'><strong>afuit,</strong></span> <span class='ocrx_word' id='word_1_125' title='bbox 1591 1773 1737 1850; x_wconf 92' lang='lat' dir='ltr'><strong>quin</strong></span> <span class='ocrx_word' id='word_1_126' title='bbox 1775 1793 2022 1850; x_wconf 92' lang='lat' dir='ltr'><strong>corpore</strong></span> <span class='ocrx_word' id='word_1_127' title='bbox 2057 1773 2251 1846; x_wconf 92' lang='lat' dir='ltr'><strong>etiam,</strong></span> <span class='ocrx_word' id='word_1_128' title='bbox 2291 1773 2430 1849; x_wconf 92' lang='lat' dir='ltr'><strong>quia</strong></span> 
     </span>
     <span class='ocr_line' id='line_1_17' title="bbox 360 1868 2429 1945; baseline 0 -16"><span class='ocrx_word' id='word_1_129' title='bbox 360 1896 421 1930; x_wconf 91' lang='lat'><strong>10</strong></span> <span class='ocrx_word' id='word_1_130' title='bbox 444 1869 595 1929; x_wconf 90' lang='lat' dir='ltr'><strong>inter</strong></span> <span class='ocrx_word' id='word_1_131' title='bbox 638 1870 882 1930; x_wconf 91' lang='lat' dir='ltr'><strong>hostiles</strong></span> <span class='ocrx_word' id='word_1_132' title='bbox 923 1870 1220 1930; x_wconf 89' lang='lat' dir='ltr'><strong>ceciderat</strong></span> <span class='ocrx_word' id='word_1_133' title='bbox 1262 1881 1499 1943; x_wconf 82' lang='lat' dir='ltr'><strong>turmaS,</strong></span> <span class='ocrx_word' id='word_1_134' title='bbox 1551 1869 1843 1929; x_wconf 89' lang='lat' dir='ltr'><strong>Samnites</strong></span> <span class='ocrx_word' id='word_1_135' title='bbox 1891 1868 2233 1945; x_wconf 90' lang='lat' dir='ltr'><strong>potirentur.</strong></span> <span class='ocrx_word' id='word_1_136' title='bbox 2323 1871 2429 1929; x_wconf 89' lang='lat' dir='ltr'><strong>sed</strong></span> 
     </span>
     <span class='ocr_line' id='line_1_18' title="bbox 444 1966 2428 2044; baseline -0.001 -18"><span class='ocrx_word' id='word_1_137' title='bbox 444 1969 741 2044; x_wconf 86' lang='lat' dir='ltr'><strong>extemplo</strong></span> <span class='ocrx_word' id='word_1_138' title='bbox 785 1969 864 2027; x_wconf 88' lang='lat' dir='ltr'><strong>ad</strong></span> <span class='ocrx_word' id='word_1_139' title='bbox 908 1969 1092 2044; x_wconf 90' lang='lat' dir='ltr'><strong>pedes</strong></span> <span class='ocrx_word' id='word_1_140' title='bbox 1141 1969 1496 2026; x_wconf 90' lang='lat' dir='ltr'><strong>descensum</strong></span> <span class='ocrx_word' id='word_1_141' title='bbox 1545 1967 1622 2026; x_wconf 96' lang='lat' dir='ltr'><strong>ab</strong></span> <span class='ocrx_word' id='word_1_142' title='bbox 1653 1966 1945 2026; x_wconf 89' lang='lat' dir='ltr'><strong>Romanis</strong></span> <span class='ocrx_word' id='word_1_143' title='bbox 1988 1977 2077 2027; x_wconf 91' lang='lat' dir='ltr'><strong>est</strong></span> <span class='ocrx_word' id='word_1_144' title='bbox 2119 1966 2428 2043; x_wconf 88' lang='lat' dir='ltr'><strong>coactique</strong></span> 
     </span>
     <span class='ocr_line' id='line_1_19' title="bbox 445 2062 2431 2140; baseline -0.001 -18"><span class='ocrx_word' id='word_1_145' title='bbox 445 2066 604 2124; x_wconf 90' lang='lat' dir='ltr'><strong>idem</strong></span> <span class='ocrx_word' id='word_1_146' title='bbox 662 2064 956 2124; x_wconf 89' lang='lat' dir='ltr'><strong>Samnites</strong></span> <span class='ocrx_word' id='word_1_147' title='bbox 1012 2065 1220 2124; x_wconf 90' lang='lat' dir='ltr'><strong>facere.</strong></span> <span class='ocrx_word' id='word_1_148' title='bbox 1327 2075 1386 2123; x_wconf 94' lang='lat' dir='ltr'><strong>et</strong></span> <span class='ocrx_word' id='word_1_149' title='bbox 1431 2062 1739 2140; x_wconf 89' lang='lat' dir='ltr'><strong>repentina</strong></span> <span class='ocrx_word' id='word_1_150' title='bbox 1782 2062 1939 2123; x_wconf 92' lang='lat' dir='ltr'><strong>acies</strong></span> <span class='ocrx_word' id='word_1_151' title='bbox 1984 2063 2140 2122; x_wconf 90' lang='lat' dir='ltr'><strong>circa</strong></span> <span class='ocrx_word' id='word_1_152' title='bbox 2183 2082 2431 2140; x_wconf 91' lang='lat' dir='ltr'><strong>corpora</strong></span> 
     </span>
     <span class='ocr_line' id='line_1_20' title="bbox 442 2158 2430 2238; baseline -0.001 -17"><span class='ocrx_word' id='word_1_153' title='bbox 442 2162 664 2221; x_wconf 93' lang='lat' dir='ltr'><strong>ducum</strong></span> <span class='ocrx_word' id='word_1_154' title='bbox 714 2161 986 2238; x_wconf 89' lang='lat' dir='ltr'><strong>pedestre</strong></span> <span class='ocrx_word' id='word_1_155' title='bbox 1036 2159 1325 2238; x_wconf 90' lang='lat' dir='ltr'><strong>proelium</strong></span> <span class='ocrx_word' id='word_1_156' title='bbox 1386 2158 1533 2232; x_wconf 93' lang='lat' dir='ltr'><strong>iniit,</strong></span> <span class='ocrx_word' id='word_1_157' title='bbox 1584 2177 1705 2237; x_wconf 95' lang='lat' dir='ltr'><strong>quo</strong></span> <span class='ocrx_word' id='word_1_158' title='bbox 1751 2161 1911 2220; x_wconf 93' lang='lat' dir='ltr'><strong>haud</strong></span> <span class='ocrx_word' id='word_1_159' title='bbox 1964 2158 2145 2220; x_wconf 90' lang='lat' dir='ltr'><strong>dubie</strong></span> <span class='ocrx_word' id='word_1_160' title='bbox 2194 2169 2430 2237; x_wconf 90' lang='lat' dir='ltr'><strong>superat</strong></span> 
     </span>
     <span class='ocr_line' id='line_1_21' title="bbox 446 2257 2429 2335; baseline -0.001 -18"><span class='ocrx_word' id='word_1_161' title='bbox 446 2262 754 2318; x_wconf 90' lang='lat' dir='ltr'><strong>Romanus</strong></span> <span class='ocrx_word' id='word_1_162' title='bbox 776 2280 793 2333; x_wconf 84' lang='lat'>3</span> <span class='ocrx_word' id='word_1_163' title='bbox 835 2270 1363 2335; x_wconf 90' lang='lat' dir='ltr'><strong>recuperatumque</strong></span> <span class='ocrx_word' id='word_1_164' title='bbox 1391 2257 1553 2317; x_wconf 92' lang='lat' dir='ltr'><strong>Aulii</strong></span> <span class='ocrx_word' id='word_1_165' title='bbox 1591 2277 1804 2335; x_wconf 90' lang='lat' dir='ltr'><strong>corpus</strong></span> <span class='ocrx_word' id='word_1_166' title='bbox 1840 2259 2022 2318; x_wconf 86' lang='lat' dir='ltr'><strong>mixta</strong></span> <span class='ocrx_word' id='word_1_167' title='bbox 2056 2278 2193 2317; x_wconf 94' lang='lat' dir='ltr'><strong>cum</strong></span> <span class='ocrx_word' id='word_1_168' title='bbox 2224 2259 2429 2318; x_wconf 92' lang='lat' dir='ltr'><strong>dolore</strong></span> 
     </span>
     <span class='ocr_line' id='line_1_22' title="bbox 362 2355 2428 2416; baseline -0 -2"><span class='ocrx_word' id='word_1_169' title='bbox 362 2382 413 2415; x_wconf 91' lang='lat'><strong>11</strong></span> <span class='ocrx_word' id='word_1_170' title='bbox 442 2355 664 2415; x_wconf 90' lang='lat' dir='ltr'><strong>laetitia</strong></span> <span class='ocrx_word' id='word_1_171' title='bbox 699 2355 948 2415; x_wconf 90' lang='lat' dir='ltr'><strong>victores</strong></span> <span class='ocrx_word' id='word_1_172' title='bbox 990 2358 1052 2414; x_wconf 90' lang='lat' dir='ltr'><strong>in</strong></span> <span class='ocrx_word' id='word_1_173' title='bbox 1086 2365 1275 2415; x_wconf 91' lang='lat' dir='ltr'><strong>castra</strong></span> <span class='ocrx_word' id='word_1_174' title='bbox 1317 2356 1589 2415; x_wconf 91' lang='lat' dir='ltr'><strong>referunt.</strong></span> <span class='ocrx_word' id='word_1_175' title='bbox 1679 2355 1974 2415; x_wconf 87' lang='lat' dir='ltr'><strong>Samnites</strong></span> <span class='ocrx_word' id='word_1_176' title='bbox 2015 2357 2167 2416; x_wconf 92' lang='lat' dir='ltr'><strong>duce</strong></span> <span class='ocrx_word' id='word_1_177' title='bbox 2210 2355 2428 2414; x_wconf 91' lang='lat' dir='ltr'><strong>amisso</strong></span> 
     </span>
     <span class='ocr_line' id='line_1_23' title="bbox 443 2451 2427 2529; baseline -0.001 -17"><span class='ocrx_word' id='word_1_178' title='bbox 443 2462 502 2512; x_wconf 91' lang='lat' dir='ltr'><strong>et</strong></span> <span class='ocrx_word' id='word_1_179' title='bbox 530 2472 635 2528; x_wconf 91' lang='lat' dir='ltr'><strong>per</strong></span> <span class='ocrx_word' id='word_1_180' title='bbox 673 2463 944 2529; x_wconf 90' lang='lat' dir='ltr'><strong>equestre</strong></span> <span class='ocrx_word' id='word_1_181' title='bbox 974 2463 1272 2512; x_wconf 89' lang='lat' dir='ltr'><strong>certamen</strong></span> <span class='ocrx_word' id='word_1_182' title='bbox 1313 2451 1614 2529; x_wconf 89' lang='lat' dir='ltr'><strong>temptatis</strong></span> <span class='ocrx_word' id='word_1_183' title='bbox 1644 2451 1865 2512; x_wconf 89' lang='lat' dir='ltr'><strong>viribus</strong></span> <span class='ocrx_word' id='word_1_184' title='bbox 1904 2452 2126 2512; x_wconf 89' lang='lat' dir='ltr'><strong>omissa</strong></span> <span class='ocrx_word' id='word_1_185' title='bbox 2155 2451 2427 2521; x_wconf 85' lang='lat' dir='ltr'><strong>Saticula,</strong></span> 
     </span>
     <span class='ocr_line' id='line_1_24' title="bbox 443 2548 2426 2626; baseline 0 -19"><span class='ocrx_word' id='word_1_186' title='bbox 443 2569 621 2626; x_wconf 89' lang='lat' dir='ltr'><strong>quarn</strong></span> <span class='ocrx_word' id='word_1_187' title='bbox 652 2549 1014 2626; x_wconf 88' lang='lat' dir='ltr'><strong>nequiquam</strong></span> <span class='ocrx_word' id='word_1_188' title='bbox 1043 2548 1285 2609; x_wconf 88' lang='lat' dir='ltr'><strong>defendi</strong></span> <span class='ocrx_word' id='word_1_189' title='bbox 1315 2549 1608 2622; x_wconf 87' lang='lat' dir='ltr'><strong>rebantur,</strong></span> <span class='ocrx_word' id='word_1_190' title='bbox 1640 2551 1717 2609; x_wconf 91' lang='lat' dir='ltr'><strong>ad</strong></span> <span class='ocrx_word' id='word_1_191' title='bbox 1750 2548 2023 2609; x_wconf 88' lang='lat' dir='ltr'><strong>Plisticae</strong></span> <span class='ocrx_word' id='word_1_192' title='bbox 2052 2548 2426 2610; x_wconf 91' lang='lat' dir='ltr'><strong>obsidionem</strong></span> 
     </span>
     <span class='ocr_line' id='line_1_25' title="bbox 441 2645 2429 2724; baseline -0.001 -18"><span class='ocrx_word' id='word_1_193' title='bbox 441 2648 707 2720; x_wconf 90' lang='lat' dir='ltr'><strong>redeunt,</strong></span> <span class='ocrx_word' id='word_1_194' title='bbox 749 2649 1018 2724; x_wconf 91' lang='lat' dir='ltr'><strong>intraque</strong></span> <span class='ocrx_word' id='word_1_195' title='bbox 1052 2666 1274 2723; x_wconf 89' lang='lat' dir='ltr'><strong>paucos</strong></span> <span class='ocrx_word' id='word_1_196' title='bbox 1318 2646 1444 2706; x_wconf 90' lang='lat' dir='ltr'><strong>dies</strong></span> <span class='ocrx_word' id='word_1_197' title='bbox 1484 2646 1741 2707; x_wconf 90' lang='lat' dir='ltr'><strong>Saticula</strong></span> <span class='ocrx_word' id='word_1_198' title='bbox 1784 2649 2094 2706; x_wconf 90' lang='lat' dir='ltr'><strong>Romanus</strong></span> <span class='ocrx_word' id='word_1_199' title='bbox 2123 2667 2228 2724; x_wconf 91' lang='lat' dir='ltr'><strong>per</strong></span> <span class='ocrx_word' id='word_1_200' title='bbox 2265 2645 2429 2707; x_wconf 90' lang='lat' dir='ltr'><strong>dedi-</strong></span> 
     </span>
     <span class='ocr_line' id='line_1_26' title="bbox 441 2743 1765 2821; baseline 0.001 -19"><span class='ocrx_word' id='word_1_201' title='bbox 441 2745 681 2817; x_wconf 89' lang='lat' dir='ltr'><strong>tionem,</strong></span> <span class='ocrx_word' id='word_1_202' title='bbox 716 2744 954 2803; x_wconf 91' lang='lat' dir='ltr'><strong>Plistica</strong></span> <span class='ocrx_word' id='word_1_203' title='bbox 982 2764 1086 2821; x_wconf 92' lang='lat' dir='ltr'><strong>per</strong></span> <span class='ocrx_word' id='word_1_204' title='bbox 1114 2743 1234 2803; x_wconf 89' lang='lat' dir='ltr'><strong>vim</strong></span> <span class='ocrx_word' id='word_1_205' title='bbox 1263 2743 1497 2805; x_wconf 91' lang='lat' dir='ltr'><strong>Samnis</strong></span> <span class='ocrx_word' id='word_1_206' title='bbox 1528 2745 1765 2821; x_wconf 93' lang='lat' dir='ltr'><strong>potitur.</strong></span> 
     </span>
     <span class='ocr_line' id='line_1_27' title="bbox 339 2800 2428 2918; baseline 0.003 -24"><span class='ocrx_word' id='word_1_207' title='bbox 339 2852 417 2911; x_wconf 83' lang='lat'><strong>23</strong></span> <span class='ocrx_word' id='word_1_208' title='bbox 526 2843 760 2900; x_wconf 88' lang='lat' dir='ltr'><strong>Mutata</strong></span> <span class='ocrx_word' id='word_1_209' title='bbox 788 2840 929 2901; x_wconf 91' lang='lat' dir='ltr'><strong>inde</strong></span> <span class='ocrx_word' id='word_1_210' title='bbox 958 2841 1098 2900; x_wconf 93' lang='lat' dir='ltr'><strong>belli</strong></span> <span class='ocrx_word' id='word_1_211' title='bbox 1128 2842 1299 2901; x_wconf 91' lang='lat' dir='ltr'><strong>sedes</strong></span> <span class='ocrx_word' id='word_1_212' title='bbox 1323 2852 1447 2914; x_wconf 81' lang='lat' dir='ltr'><strong>est3</strong></span> <span class='ocrx_word' id='word_1_213' title='bbox 1483 2842 1563 2901; x_wconf 91' lang='lat' dir='ltr'><strong>ad</strong></span> <span class='ocrx_word' id='word_1_214' title='bbox 1590 2843 1797 2901; x_wconf 93' lang='lat' dir='ltr'><strong>Soram</strong></span> <span class='ocrx_word' id='word_1_215' title='bbox 1822 2862 1893 2900; x_wconf 86' lang='lat' dir='ltr'><strong>ex</strong></span> <span class='ocrx_word' id='word_1_216' title='bbox 1922 2839 2167 2901; x_wconf 90' lang='lat' dir='ltr'><strong>Samnio</strong></span> <span class='ocrx_word' id='word_1_217' title='bbox 2188 2800 2428 2918; x_wconf 87' lang='lat' dir='ltr'><strong>Apulia-</strong></span> 
     </span>
     <span class='ocr_line' id='line_1_28' title="bbox 391 2937 2427 3014; baseline -0 -17"><span class='ocrx_word' id='word_1_218' title='bbox 391 2963 414 2997; x_wconf 82' lang='lat'>2</span> <span class='ocrx_word' id='word_1_219' title='bbox 443 2957 559 3014; x_wconf 92' lang='lat' dir='ltr'><strong>que</strong></span> <span class='ocrx_word' id='word_1_220' title='bbox 603 2941 904 2998; x_wconf 90' lang='lat' dir='ltr'><strong>traductae</strong></span> <span class='ocrx_word' id='word_1_221' title='bbox 946 2937 1223 3014; x_wconf 91' lang='lat' dir='ltr'><strong>legiones</strong></span> <span class='ocrx_word' id='word_1_222' title='bbox 1311 2939 1454 2998; x_wconf 92' lang='lat' dir='ltr'><strong>Sora</strong></span> <span class='ocrx_word' id='word_1_223' title='bbox 1491 2940 1569 2998; x_wconf 92' lang='lat' dir='ltr'><strong>ad</strong></span> <span class='ocrx_word' id='word_1_224' title='bbox 1604 2938 1897 2998; x_wconf 89' lang='lat' dir='ltr'><strong>Samnites</strong></span> <span class='ocrx_word' id='word_1_225' title='bbox 1934 2939 2227 2998; x_wconf 89' lang='lat' dir='ltr'><strong>defecerat</strong></span> <span class='ocrx_word' id='word_1_226' title='bbox 2256 2937 2427 2996; x_wconf 91' lang='lat' dir='ltr'><strong>inter-</strong></span> 
     </span>
     <span class='ocr_line' id='line_1_29' title="bbox 441 3033 2428 3113; baseline -0.001 -19"><span class='ocrx_word' id='word_1_227' title='bbox 441 3034 608 3094; x_wconf 90' lang='lat' dir='ltr'><strong>fectis</strong></span> <span class='ocrx_word' id='word_1_228' title='bbox 637 3033 863 3094; x_wconf 91' lang='lat' dir='ltr'><strong>colonis</strong></span> <span class='ocrx_word' id='word_1_229' title='bbox 896 3037 1322 3094; x_wconf 90' lang='lat' dir='ltr'><strong>Romanorum.</strong></span> <span class='ocrx_word' id='word_1_230' title='bbox 1411 3054 1533 3111; x_wconf 91' lang='lat' dir='ltr'><strong>quo</strong></span> <span class='ocrx_word' id='word_1_231' title='bbox 1562 3055 1699 3094; x_wconf 91' lang='lat' dir='ltr'><strong>cum</strong></span> <span class='ocrx_word' id='word_1_232' title='bbox 1738 3035 1896 3113; x_wconf 91' lang='lat' dir='ltr'><strong>prior</strong></span> <span class='ocrx_word' id='word_1_233' title='bbox 1932 3038 2243 3095; x_wconf 89' lang='lat' dir='ltr'><strong>Romanus</strong></span> <span class='ocrx_word' id='word_1_234' title='bbox 2272 3053 2428 3095; x_wconf 87' lang='lat' dir='ltr'><strong>exer-</strong></span> 
     </span>
     <span class='ocr_line' id='line_1_30' title="bbox 440 3130 2426 3209; baseline 0.001 -19"><span class='ocrx_word' id='word_1_235' title='bbox 440 3132 590 3191; x_wconf 92' lang='lat' dir='ltr'><strong>citus</strong></span> <span class='ocrx_word' id='word_1_236' title='bbox 659 3133 737 3191; x_wconf 92' lang='lat' dir='ltr'><strong>ad</strong></span> <span class='ocrx_word' id='word_1_237' title='bbox 806 3130 1207 3192; x_wconf 91' lang='lat' dir='ltr'><strong>ulciscendam</strong></span> <span class='ocrx_word' id='word_1_238' title='bbox 1276 3131 1495 3191; x_wconf 89' lang='lat' dir='ltr'><strong>civium</strong></span> <span class='ocrx_word' id='word_1_239' title='bbox 1566 3152 1776 3192; x_wconf 90' lang='lat' dir='ltr'><strong>necem</strong></span> <span class='ocrx_word' id='word_1_240' title='bbox 1841 3134 2426 3209; x_wconf 90' lang='lat' dir='ltr'><strong>recuperandamque</strong></span> 
     </span>
     <span class='ocr_line' id='line_1_31' title="bbox 387 3227 2425 3305; baseline -0 -17"><span class='ocrx_word' id='word_1_241' title='bbox 387 3254 416 3301; x_wconf 78' lang='lat'><strong>3</strong></span> <span class='ocrx_word' id='word_1_242' title='bbox 441 3228 737 3297; x_wconf 88' lang='lat' dir='ltr'><strong>coloniam</strong></span> <span class='ocrx_word' id='word_1_243' title='bbox 781 3230 1008 3305; x_wconf 89' lang='lat' dir='ltr'><strong>magnis</strong></span> <span class='ocrx_word' id='word_1_244' title='bbox 1051 3227 1358 3287; x_wconf 87' lang='lat' dir='ltr'><strong>itineribus</strong></span> <span class='ocrx_word' id='word_1_245' title='bbox 1407 3229 1770 3305; x_wconf 91' lang='lat' dir='ltr'><strong>pervenisset</strong></span> <span class='ocrx_word' id='word_1_246' title='bbox 1818 3238 1875 3288; x_wconf 86' lang='lat' dir='ltr'><strong>et</strong></span> <span class='ocrx_word' id='word_1_247' title='bbox 1915 3228 2098 3305; x_wconf 90' lang='lat' dir='ltr'><strong>sparsi</strong></span> <span class='ocrx_word' id='word_1_248' title='bbox 2149 3249 2252 3305; x_wconf 93' lang='lat' dir='ltr'><strong>per</strong></span> <span class='ocrx_word' id='word_1_249' title='bbox 2303 3228 2425 3288; x_wconf 90' lang='lat' dir='ltr'><strong>vias</strong></span> 
     </span>
     <span class='ocr_line' id='line_1_32' title="bbox 439 3324 2426 3401; baseline 0.001 -17"><span class='ocrx_word' id='word_1_250' title='bbox 439 3327 835 3401; x_wconf 90' lang='lat' dir='ltr'><strong>speculatores</strong></span> <span class='ocrx_word' id='word_1_251' title='bbox 855 3324 1022 3401; x_wconf 91' lang='lat' dir='ltr'><strong>sequi</strong></span> <span class='ocrx_word' id='word_1_252' title='bbox 1044 3324 1306 3401; x_wconf 90' lang='lat' dir='ltr'><strong>legiones</strong></span> <span class='ocrx_word' id='word_1_253' title='bbox 1329 3325 1683 3384; x_wconf 90' lang='lat' dir='ltr'><strong>Samnitium</strong></span> <span class='ocrx_word' id='word_1_254' title='bbox 1702 3345 1813 3385; x_wconf 93' lang='lat' dir='ltr'><strong>nec</strong></span> <span class='ocrx_word' id='word_1_255' title='bbox 1836 3325 1954 3384; x_wconf 90' lang='lat' dir='ltr'><strong>iam</strong></span> <span class='ocrx_word' id='word_1_256' title='bbox 1983 3327 2190 3401; x_wconf 92' lang='lat' dir='ltr'><strong>procul</strong></span> <span class='ocrx_word' id='word_1_257' title='bbox 2218 3325 2426 3385; x_wconf 89' lang='lat' dir='ltr'><strong>abesse</strong></span> 
     </span>
     <span class='ocr_line' id='line_1_33' title="bbox 381 3420 2424 3497; baseline 0 -16"><span class='ocrx_word' id='word_1_258' title='bbox 381 3446 412 3495; x_wconf 87' lang='lat'>4</span> <span class='ocrx_word' id='word_1_259' title='bbox 438 3420 538 3481; x_wconf 90' lang='lat' dir='ltr'><strong>alii</strong></span> <span class='ocrx_word' id='word_1_260' title='bbox 588 3440 762 3497; x_wconf 88' lang='lat' dir='ltr'><strong>super</strong></span> <span class='ocrx_word' id='word_1_261' title='bbox 817 3423 962 3480; x_wconf 88' lang='lat' dir='ltr'><strong>alios</strong></span> <span class='ocrx_word' id='word_1_262' title='bbox 1011 3422 1367 3494; x_wconf 91' lang='lat' dir='ltr'><strong>nuntiarent,</strong></span> <span class='ocrx_word' id='word_1_263' title='bbox 1417 3421 1655 3481; x_wconf 90' lang='lat' dir='ltr'><strong>obviarn</strong></span> <span class='ocrx_word' id='word_1_264' title='bbox 1712 3423 1860 3480; x_wconf 91' lang='lat' dir='ltr'><strong>itum</strong></span> <span class='ocrx_word' id='word_1_265' title='bbox 1912 3421 2070 3480; x_wconf 92' lang='lat' dir='ltr'><strong>hosti</strong></span> <span class='ocrx_word' id='word_1_266' title='bbox 2119 3430 2298 3497; x_wconf 91' lang='lat' dir='ltr'><strong>atque</strong></span> <span class='ocrx_word' id='word_1_267' title='bbox 2346 3422 2424 3481; x_wconf 89' lang='lat' dir='ltr'><strong>ad</strong></span> 
     </span>
     <span class='ocr_line' id='line_1_34' title="bbox 439 3517 2423 3596; baseline 0.001 -19"><span class='ocrx_word' id='word_1_268' title='bbox 439 3519 720 3578; x_wconf 91' lang='lat' dir='ltr'><strong>Lautulas</strong></span> <span class='ocrx_word' id='word_1_269' title='bbox 758 3518 1000 3596; x_wconf 89' lang='lat' dir='ltr'><strong>ancipiti</strong></span> <span class='ocrx_word' id='word_1_270' title='bbox 1044 3519 1269 3596; x_wconf 92' lang='lat' dir='ltr'><strong>proelio</strong></span> <span class='ocrx_word' id='word_1_271' title='bbox 1307 3517 1654 3581; x_wconf 90' lang='lat' dir='ltr'><strong>dimicatum</strong></span> <span class='ocrx_word' id='word_1_272' title='bbox 1694 3529 1801 3579; x_wconf 88' lang='lat' dir='ltr'><strong>est.</strong></span> <span class='ocrx_word' id='word_1_273' title='bbox 1885 3539 2007 3578; x_wconf 92' lang='lat' dir='ltr'><strong>non</strong></span> <span class='ocrx_word' id='word_1_274' title='bbox 2037 3520 2268 3591; x_wconf 82' lang='lat' dir='ltr'><strong>caedeS,</strong></span> <span class='ocrx_word' id='word_1_275' title='bbox 2301 3540 2423 3580; x_wconf 89' lang='lat' dir='ltr'><strong>non</strong></span> 
     </span>
     <span class='ocr_line' id='line_1_35' title="bbox 436 3614 2420 3695; baseline -0.001 -18"><span class='ocrx_word' id='word_1_276' title='bbox 436 3619 573 3695; x_wconf 88' lang='lat' dir='ltr'><strong>fuga</strong></span> <span class='ocrx_word' id='word_1_277' title='bbox 600 3614 836 3677; x_wconf 90' lang='lat' dir='ltr'><strong>alterius</strong></span> <span class='ocrx_word' id='word_1_278' title='bbox 865 3615 1062 3695; x_wconf 89' lang='lat' dir='ltr'><strong>partis,</strong></span> <span class='ocrx_word' id='word_1_279' title='bbox 1093 3619 1199 3678; x_wconf 92' lang='lat' dir='ltr'><strong>sed</strong></span> <span class='ocrx_word' id='word_1_280' title='bbox 1227 3638 1346 3679; x_wconf 89' lang='lat' dir='ltr'><strong>nox</strong></span> <span class='ocrx_word' id='word_1_281' title='bbox 1373 3617 1647 3690; x_wconf 84' lang='lat' dir='ltr'><strong>incertOS,</strong></span> <span class='ocrx_word' id='word_1_282' title='bbox 1678 3615 1816 3677; x_wconf 92' lang='lat' dir='ltr'><strong>victi</strong></span> <span class='ocrx_word' id='word_1_283' title='bbox 1845 3615 2175 3677; x_wconf 89' lang='lat' dir='ltr'><strong>victoresne</strong></span> <span class='ocrx_word' id='word_1_284' title='bbox 2205 3627 2420 3691; x_wconf 87' lang='lat' dir='ltr'><strong>essent,</strong></span> 
     </span>
    </p>
   </div>
  </div>
 </body>
</html>
