2909 4381
725 270 830 326 AB
873 269 1099 326 VRBE
1143 267 1532 328 CONDITA
1575 268 1734 325 LIB.
1779 266 1887 324 IX.
1934 284 2127 341 30—32

422 440 624 491 rentur
691 430 967 508 legiones.
1091 429 1175 490 ibi
1243 431 1449 507 ingens
1519 429 1780 490 hostium
1850 427 2135 489 exercitus
2202 426 2412 487 itinera
2432 440 2462 487 8

425 531 693 589 occultus
749 529 1045 589 insederat
1094 539 1168 603 et,
1222 539 1541 605 postquam
1597 528 1844 587 intrasse
1901 530 2209 587 Romanos
2265 523 2411 585 vidit

426 627 656 699 saltum,
689 636 932 704 repente
971 636 1205 686 exortus
1226 659 1230 663 <
1248 645 1387 686 cum
1430 628 1687 685 clamore
1728 644 1799 685 ac
1843 627 2099 685 tumultu
2141 622 2411 683 incautos

427 721 667 784 invadit.
755 734 814 784 et
855 723 1046 801 primo
1088 743 1244 783 nova
1284 742 1375 783 res
1404 721 1861 800 trepidationem
1889 721 2042 794 fecit,
2076 723 2220 782 dum
2250 740 2413 779 arma
2434 746 2464 796 9

427 819 686 897 capiunt,
719 820 975 880 sarcinas
1005 830 1331 898 congerunt
1369 819 1430 879 in
1468 812 1769 894 medium3
1813 818 1952 880 dein
1981 829 2314 896 postquam,
2348 829 2413 879 ut

429 917 681 995 quisque
719 917 1063 979 liberaverat
1105 937 1170 978 se
1212 938 1390 978 onere
1432 928 1850 995 aptaveratque
1892 917 2084 990 armiS‚
2128 919 2206 978 ad
2249 917 2415 994 signa

430 1015 695 1092 undique
751 1016 993 1076 coibant
1048 1026 1108 1076 et
1161 1015 1316 1076 notis
1373 1015 1680 1075 ordinibus
1736 1014 1798 1074 in
1854 1026 2049 1075 vetere
2103 1014 2415 1092 disciplina

431 1113 673 1174 militiae
729 1113 846 1174 iam
896 1113 1023 1174 sine
1072 1124 1389 1192 praecepto
1437 1113 1613 1174 ullius
1661 1133 1768 1174 sua
1815 1125 2028 1192 sponte
2084 1114 2415 1174 struebatur

429 1209 603 1285 acieS,
635 1215 843 1273 consul
870 1213 948 1272 ad
976 1212 1296 1290 ancipitem
1334 1211 1589 1272 maxime
1619 1232 1879 1290 pugnam
1908 1213 2189 1272 advectus
2218 1212 2415 1272 desilit
2441 1237 2499 1270 10

432 1328 504 1368 ex
544 1328 702 1385 equo
744 1319 805 1370 et
834 1310 1041 1369 Iovem
1072 1311 1448 1387 Martemque
1490 1319 1670 1387 atque
1712 1308 1860 1369 alios
1889 1319 2133 1370 testatur
2160 1312 2307 1371 deos
2350 1330 2413 1372 se

433 1407 656 1465 nullam
699 1426 866 1466 suam
909 1406 1153 1483 gloriam
1198 1406 1355 1481 inde,
1386 1409 1493 1468 sed
1521 1408 1804 1485 praedam
1833 1407 2005 1467 militi
2033 1419 2413 1485 quaerentem
2439 1439 2489 1473 ιι

432 1502 494 1562 in
529 1523 667 1563 eum
709 1506 909 1564 locum
951 1504 1259 1565 devenisse
1301 1525 1498 1583 neque
1538 1504 1600 1565 in
1643 1525 1707 1566 se
1747 1504 1909 1566 aliud
1952 1526 2133 1583 quam
2170 1505 2413 1566 nimiam

433 1599 664 1672 ditandi
692 1620 764 1661 ex
805 1602 977 1661 hoste
1020 1600 1219 1661 militis
1262 1621 1465 1662 curam
1507 1603 1860 1680 reprehendi
1888 1622 2103 1681 posse3
2142 1603 2221 1663 ab
2249 1624 2324 1664 eo
2353 1624 2415 1664 se

434 1698 727 1758 dedecore
771 1700 997 1758 nullam
1039 1718 1164 1758 rem
1205 1698 1380 1758 aliam
1425 1719 1606 1776 quam
1634 1699 1910 1761 virtutem
1951 1700 2205 1760 militum
2233 1701 2418 1761 vindi-

435 1806 712 1855 caturam.
801 1795 1201 1855 coniterentur
1243 1797 1427 1869 modo
1470 1815 1593 1856 uno
1641 1796 1842 1857 animo
1891 1816 2100 1857 omnes
2143 1797 2418 1858 invadere
2444 1831 2498 1866 12

436 1895 685 1966 hostem,
745 1893 967 1953 victum
1022 1893 1166 1966 acie,
1225 1893 1427 1953 castris
1494 1905 1751 1967 exutum,
1810 1896 2101 1954 nudatum
2156 1894 2417 1969 urbibus,

436 1991 702 2051 ultimam
747 2011 914 2070 spem
959 1994 1114 2051 furto
1163 1991 1509 2052 insidiarum
1553 2002 1943 2069 temptantem
1992 2003 2052 2052 et
2095 1994 2246 2066 loco,
2297 2014 2421 2054 non

436 2088 610 2148 armis
653 2092 882 2150 fretum.
971 2091 1077 2150 sed
1119 2109 1297 2167 quem
1341 2110 1470 2150 esse
1512 2089 1631 2150 iam
1673 2090 1871 2150 virtuti
1914 2093 2225 2151 Romanae
2267 2091 2422 2151 inex·
2447 2122 2504 2170 13

437 2187 816 2265 pugnabilem
875 2190 1114 2248 locum!
1226 2189 1570 2266 Fregellana
1630 2209 1732 2249 arx
1786 2190 2129 2267 Soranaque
2184 2199 2243 2249 et
2298 2188 2421 2249 ubi-

438 2305 695 2362 cumque
743 2285 948 2363 iniquo
999 2304 1338 2346 successum
1385 2297 1508 2346 erat
1563 2288 1698 2347 loco
1754 2287 2248 2346 memorabantur.
2329 2286 2420 2345 his
2448 2314 2503 2361 14

437 2401 722 2443 accensus
792 2382 975 2456 mileS‚
1051 2382 1319 2443 omnium
1385 2383 1699 2444 immemor
1754 2383 2208 2459 difficultatium,
2263 2383 2421 2444 vadit

438 2482 717 2540 adversus
759 2479 1170 2540 imminentem
1212 2480 1475 2541 hostium
1512 2480 1721 2541 aciem.
1804 2480 1889 2540 ibi
1923 2483 2165 2559 paulum
2209 2480 2423 2542 laboris

439 2580 564 2651 fuit,
613 2579 760 2637 dum
805 2576 866 2637 in
922 2579 1233 2638 adversum
1285 2576 1502 2637 clivum
1559 2577 1794 2655 erigitur
1849 2597 2105 2655 agmen3
2161 2588 2417 2639 ceterum
2447 2600 2505 2649 15

439 2685 754 2753 postquam
782 2674 972 2752 prima
993 2674 1159 2751 signa
1176 2674 1481 2752 planitiem
1502 2693 1796 2733 summam
1818 2686 2101 2751 ceperunt
2123 2674 2421 2751 sensitque

441 2773 818 2850 aciesaequo
846 2791 910 2832 se
939 2771 1058 2830 iam
1087 2770 1367 2831 institisse
1396 2773 1548 2845 locO,
1581 2790 1782 2831 versus
1812 2774 2109 2848 extemplo
2130 2784 2219 2832 est
2241 2783 2422 2833 terror

441 2869 502 2930 in
543 2870 916 2931 insidiatores
961 2870 1321 2946 easdemque
1370 2870 1638 2943 latebraS,
1690 2869 1905 2946 quibus
1950 2890 2013 2930 se
2061 2873 2239 2948 paulo
2284 2882 2420 2931 ante

442 2979 719 3041 texerant,
766 2966 945 3046 palati
985 2977 1164 3043 atque
1206 2965 1461 3026 inermes
1503 2968 1641 3044 fuga
1681 2967 2042 3045 repetebant.
2127 2969 2233 3029 sed
2269 2970 2416 3041 loca,
2448 2986 2508 3036 16

442 3066 702 3127 difficilia
742 3064 900 3125 hosti
942 3063 1224 3141 quaesita,
1257 3061 1417 3141 ipsos
1460 3073 1588 3123 tum
1631 3083 1737 3124 sua
1764 3065 1969 3126 fraude
1998 3063 2417 3141 impediebant.

442 3163 641 3242 itaque
687 3183 824 3241 ergo
882 3161 1190 3241 perpaucis
1255 3160 1535 3238 effugium
1579 3160 1804 3239 patuit3
1862 3182 2033 3221 caesa
2087 3163 2164 3222 ad
2220 3162 2424 3239 viginti

443 3262 605 3322 milia
652 3261 965 3321 hominum
1006 3259 1314 3336 victorque
1358 3261 1670 3318 Romanus
1710 3260 1790 3319 ad
1830 3259 2092 3319 oblatam
2137 3260 2215 3320 ab
2252 3262 2423 3321 hoste

443 3360 722 3435 praedam
751 3377 1034 3435 pecorum
1063 3355 1352 3417 discurrit.

526 3458 688 3515 Dum
749 3458 896 3515 haec
959 3466 1237 3532 geruntur
1292 3453 1354 3513 in
1411 3452 1668 3528 Samnio,
1721 3451 1839 3514 iam
1896 3474 2102 3516 omnes
2160 3456 2424 3517 Etruriae
2445 3472 2529 3538 32

444 3552 650 3631 populi
690 3565 916 3630 praeter
957 3552 1261 3613 Arretinos
1310 3553 1390 3613 ad
1437 3571 1599 3612 arma
1647 3551 1849 3626 ierant,
1897 3554 1974 3613 ab
2024 3556 2424 3631 oppugnando

445 3651 656 3724 Sutri0,
709 3670 861 3727 quae
904 3651 1042 3710 urbs
1067 3650 1250 3711 socia
1297 3649 1586 3711 Romanis
1642 3653 1803 3710 velut
1852 3652 2102 3711 claustra
2159 3651 2423 3714 Etruriae
