2909 4381
715 277 822 332 AB
866 275 1093 331 VRBE
1137 274 1525 333 CONDITA
1568 274 1726 331 LIB.
1772 275 1877 331 IX.
1931 290 2017 347 17,
2058 276 2128 331 18

423 436 831 497 intolerantior
860 437 983 496 fuit.
1067 436 1169 513 qui
1194 436 1240 495 si
1271 458 1342 496 ex
1372 436 1578 495 habitu
1617 456 1805 495 novae
1835 439 2103 497 fortunae
2138 444 2412 514 novique,
2445 455 2468 489 2

426 545 491 592 ut
525 535 606 593 ita
649 534 861 606 dicam,
906 534 1142 610 ingenii,
1184 536 1348 611 quod
1392 534 1506 592 sibi
1545 534 1729 593 victor
1768 534 2053 607 induerat,
2098 546 2412 612 spectetur,
2445 557 2469 603 3

428 632 626 690 Dareo
657 631 841 706 magis
872 630 1076 689 similis
1107 650 1285 706 quam
1326 633 1665 690 Alexandro
1704 630 1764 688 in
1810 631 2042 690 Italiam
2072 633 2328 693 venisset
2357 644 2415 693 et

425 726 745 787 exercitum
800 726 1195 786 Macedoniae
1244 727 1497 786 oblitum
1547 730 2124 806 degenerantemque
2180 730 2296 788 iam
2353 730 2416 789 in

430 826 738 884 Persarum
784 843 977 883 mores
1026 823 1384 883 adduxisset.
1488 825 1698 883 referre
1749 824 1808 881 in
1858 835 2024 883 tanto
2075 846 2209 903 rege
2257 825 2419 902 piget
2449 850 2480 896 4

428 920 745 998 superbam
778 920 1167 980 mutationem
1198 920 1375 980 vestis
1414 931 1474 979 et
1507 920 1867 981 desideratas
1902 922 2070 981 humi
2098 922 2417 983 iacentium

428 1017 816 1091 adulationes,
890 1017 1068 1077 etiam
1138 1017 1304 1076 victis
1383 1016 1821 1076 Macedonibus
1903 1037 2121 1094 graveS,
2194 1021 2417 1079 nedum

430 1114 767 1187 victoribuS,
828 1126 886 1174 et
942 1115 1114 1174 foeda
1170 1113 1457 1191 supplicia
1513 1124 1572 1173 et
1626 1113 1779 1173 inter
1833 1113 2034 1174 vinum
2092 1127 2152 1175 et
2215 1119 2420 1193 epulas

432 1213 645 1272 caedes
678 1213 1003 1271 amicorum
1035 1222 1093 1271 et
1121 1214 1442 1271 vanitatem
1483 1210 1896 1272 ementiendae
1931 1211 2141 1290 stirpis.
2227 1213 2372 1290 quid
2395 1217 2422 1273 Ρ
2446 1232 2475 1281 5

433 1308 482 1367 si
518 1306 641 1367 vini
678 1328 844 1368 amor
885 1307 946 1367 in
985 1308 1113 1368 dies
1149 1309 1313 1367 fieret
1350 1306 1829 1385 acrior,——quid?
1891 1308 1940 1368 si
1983 1320 2112 1369 trux
2148 1330 2219 1369 ac
2260 1329 2421 1387 prae-

435 1405 656 1465 fervida
683 1405 962 1466 ira—nec
990 1405 1310 1483 quicquam
1340 1405 1590 1465 dubium
1620 1405 1772 1466 inter
1796 1405 2105 1484 scriptores
2134 1409 2418 1482 refero—,

374 1510 379 1514 ’
435 1505 674 1563 nullane
718 1505 864 1563 haec
912 1506 1132 1564 damna
1181 1503 1570 1580 imperatoriis
1613 1503 1923 1564 virtutibus
1972 1503 2291 1566 ducimus?
2358 1504 2420 1565 id
2443 1514 2474 1564 6

435 1621 573 1661 vero
602 1603 928 1678 perieulum
957 1612 1095 1673 erat,
1130 1604 1294 1678 quod
1334 1601 1615 1661 levissimi
1643 1622 1714 1661 ex
1754 1601 2010 1674 Graecis,
2045 1603 2148 1679 qui
2184 1605 2422 1662 Partho-

435 1719 565 1757 rum
636 1719 876 1775 quoque
944 1710 1150 1758 contra
1219 1718 1441 1757 nomen
1513 1701 1854 1757 Romanum
1928 1699 2146 1775 gloriae
2207 1700 2418 1771 favent,

437 1794 706 1855 dictitare
756 1797 965 1868 solent,
1013 1815 1090 1854 ne
1140 1794 1508 1854 maiestatem
1553 1793 1811 1853 nominis
1856 1794 2191 1866 Alexandri,
2243 1814 2422 1871 quem

438 1913 514 1952 ne
552 1893 709 1951 fama
750 1891 994 1970 quidem
1036 1891 1149 1950 illis
1192 1902 1400 1951 notum
1442 1891 1692 1951 arbitror
1731 1890 1927 1964 fuisse,
1973 1891 2259 1952 sustinere
2301 1912 2423 1951 non
2451 1913 2478 1967 7

438 1988 693 2083 potuegit
735 1992 989 2067 populus
1034 1992 1360 2061 Romanus,
1409 1999 1469 2048 et
1509 1990 1787 2049 adversus
1831 2009 2009 2066 quem
2053 1988 2320 2064 AtheniS,
2364 1989 2425 2048 in

439 2084 673 2146 civitate
722 2088 903 2146 fracta
955 2087 1359 2146 Macedonum
1409 2086 1600 2159 armiS,
1651 2097 1957 2146 cernentes
2003 2097 2129 2146 tum
2172 2086 2427 2147 maxime

439 2204 625 2262 prope
648 2185 943 2244 fumantes
971 2184 1315 2243 Thebarum
1345 2181 1542 2243 ruinas
1572 2183 1901 2244 contionari
1930 2183 2112 2244 libere
2133 2184 2260 2244 ausi
2290 2196 2428 2244 sunt

441 2285 730 2355 homines,
761 2281 824 2342 id
853 2283 1017 2359 quod
1045 2302 1116 2341 ex
1145 2280 1547 2340 monumentis
1577 2280 1911 2341 orationum
1938 2292 2116 2358 patet,
2148 2284 2428 2341 adversus

441 2401 580 2442 eum
635 2400 815 2441 nemo
871 2400 942 2440 ex
1003 2390 1090 2440 tot
1155 2377 1494 2455 proceribus
1561 2378 1851 2438 Romanis
1906 2398 2115 2438 vocem
2182 2379 2426 2439 liberam

442 2477 727 2538 missurus
755 2475 952 2536 fuerit!

525 2574 912 2650 Quantalibet
935 2571 1281 2649 magnitudo
1304 2571 1562 2632 hominis
1587 2572 1954 2650 concipiatur
1981 2572 2182 2631 animo
2202 2593 2219 2646 3
2254 2572 2427 2632 unius
2455 2585 2483 2631 8

442 2683 643 2733 tamen
667 2691 738 2731 ea
767 2669 1113 2746 magnitudo
1141 2668 1399 2727 hominis
1429 2668 1552 2741 erit,
1579 2671 1828 2729 collecta
1856 2670 2034 2746 paulo
2062 2671 2194 2744 plus
2217 2670 2428 2728 decem

442 2789 737 2830 annorum
777 2767 1092 2840 felicitate3
1140 2785 1320 2842 quam
1355 2765 1459 2842 qui
1502 2786 1574 2825 eo
1618 2768 1923 2840 extollunt,
1969 2767 2133 2844 quod
2172 2768 2429 2843 populus
2455 2778 2486 2827 9

447 2869 775 2937 RomanuS,
814 2864 922 2923 etsi
962 2865 1126 2922 nullo
1156 2863 1330 2935 bello,
1373 2861 1573 2922 multis
1609 2873 1809 2923 tamen
1847 2862 2083 2940 proeliis
2111 2862 2301 2922 victus
2337 2863 2429 2936 sit,

446 2965 787 3025 Alexandro
822 2961 1040 3022 nullius
1080 2982 1314 3040 pugnae
1354 2982 1479 3021 non
1519 2965 1783 3023 secunda
1813 2966 2050 3023 fortuna
2088 2962 2274 3033 fuerit,
2309 2983 2432 3022 non

446 3061 795 3137 intellegunt
824 3080 887 3120 se
915 3057 1175 3119 hominis
1203 3078 1293 3119 res
1321 3070 1532 3136 gestaS,
1557 3070 1616 3120 et
1644 3060 1770 3119 eius
1800 3059 2043 3133 iuveniS,
2068 3080 2205 3119 eum
2227 3060 2434 3137 populi

447 3159 564 3218 iam
611 3156 1259 3235 quadringentesimum
1312 3155 1585 3216 bellantis
1643 3177 1866 3216 annum
1923 3157 2099 3216 rebus
2149 3159 2429 3218 conferre.

447 3256 742 3327 miremur,
792 3254 858 3327 si,
906 3273 1043 3314 cum
1090 3274 1161 3313 ex
1209 3256 1321 3312 hac
1363 3265 1529 3330 parte
1571 3256 1804 3313 saecula
1846 3256 2012 3331 plura
2054 3266 2436 3315 numerentur
2466 3276 2524 3310 10

448 3373 628 3431 quam
665 3373 735 3412 ex
773 3351 873 3410 illa
909 3350 1067 3423 anni,
1100 3353 1231 3427 plus
1260 3350 1322 3409 in
1351 3361 1474 3409 tam
1513 3352 1691 3427 longo
1720 3350 1910 3427 spatio
1945 3371 2124 3428 quam
2154 3351 2214 3410 in
2243 3363 2437 3413 aetate

448 3448 733 3511 tredecim
784 3468 1073 3508 annorum
1133 3450 1368 3508 fortuna
1416 3447 1766 3507 variaverit?
1868 3449 2011 3525 quin
2063 3459 2126 3507 tu
2177 3448 2436 3509 hominis
2468 3471 2521 3508 11

449 3568 588 3609 cum
629 3545 873 3606 homine
908 3556 968 3605 et
1007 3545 1173 3604 ducis
1217 3566 1354 3605 cum
1394 3548 1549 3605 duce
1592 3548 1887 3605 fortunam
1931 3548 2207 3606 confers?
2290 3559 2436 3623 quot
2471 3573 2524 3608 12

453 3647 760 3704 Romanos
790 3645 972 3703 duces
996 3641 1317 3716 nominem,
1343 3644 1560 3720 quibus
1590 3663 1916 3719 numquam
1939 3645 2183 3703 adversa
2205 3646 2438 3702 fortuna
