<?xml version="1.0" encoding="UTF-8"?>
<!DOCTYPE html PUBLIC "-//W3C//DTD XHTML 1.0 Transitional//EN"
    "http://www.w3.org/TR/xhtml1/DTD/xhtml1-transitional.dtd">
<html xmlns="http://www.w3.org/1999/xhtml" xml:lang="en" lang="en">
 <head>
  <title>
</title>
<meta http-equiv="Content-Type" content="text/html;charset=utf-8" />
  <meta name='ocr-system' content='tesseract 3.04.00' />
  <meta name='ocr-capabilities' content='ocr_page ocr_carea ocr_par ocr_line ocrx_word'/>
</head>
<body>
  <div class='ocr_page' id='page_1' title='image "./tliviaburbacond00livygoog_0035.png"; bbox 0 0 2909 4381; ppageno 0'>
   <div class='ocr_carea' id='block_1_1' title="bbox 717 239 2077 315">
    <p class='ocr_par' dir='ltr' id='par_1_1' title="bbox 717 239 2077 315">
     <span class='ocr_line' id='line_1_1' title="bbox 717 239 2077 315; baseline -0.001 -15"><span class='ocrx_word' id='word_1_1' title='bbox 717 244 824 300; x_wconf 94' lang='lat' dir='ltr'>AB</span> <span class='ocrx_word' id='word_1_2' title='bbox 867 243 1093 300; x_wconf 88' lang='lat' dir='ltr'><strong>VRBE</strong></span> <span class='ocrx_word' id='word_1_3' title='bbox 1138 239 1525 301; x_wconf 92' lang='lat' dir='ltr'><strong>CONDITA</strong></span> <span class='ocrx_word' id='word_1_4' title='bbox 1569 240 1724 298; x_wconf 91' lang='lat' dir='ltr'><strong>LIB.</strong></span> <span class='ocrx_word' id='word_1_5' title='bbox 1773 242 1878 298; x_wconf 91' lang='lat' dir='ltr'>IX.</span> <span class='ocrx_word' id='word_1_6' title='bbox 1926 260 2077 315; x_wconf 84' lang='lat'>9-11</span> 
     </span>
    </p>
   </div>
   <div class='ocr_carea' id='block_1_2' title="bbox 423 400 2491 3670">
    <p class='ocr_par' dir='ltr' id='par_1_2' title="bbox 423 400 2460 770">
     <span class='ocr_line' id='line_1_2' title="bbox 423 400 2406 481; baseline -0.001 -19"><span class='ocrx_word' id='word_1_7' title='bbox 423 422 497 463; x_wconf 86' lang='lat' dir='ltr'>ex</span> <span class='ocrx_word' id='word_1_8' title='bbox 525 403 782 463; x_wconf 84' lang='lat' dir='ltr'>obnoxia</span> <span class='ocrx_word' id='word_1_9' title='bbox 810 423 957 481; x_wconf 91' lang='lat' dir='ltr'>pace</span> <span class='ocrx_word' id='word_1_10' title='bbox 985 402 1140 462; x_wconf 91' lang='lat' dir='ltr'>illius</span> <span class='ocrx_word' id='word_1_11' title='bbox 1170 400 1420 461; x_wconf 91' lang='lat' dir='ltr'>consilio</span> <span class='ocrx_word' id='word_1_12' title='bbox 1449 411 1509 460; x_wconf 91' lang='lat' dir='ltr'>et</span> <span class='ocrx_word' id='word_1_13' title='bbox 1544 421 1758 478; x_wconf 90' lang='lat' dir='ltr'>opera;</span> <span class='ocrx_word' id='word_1_14' title='bbox 1802 402 1996 479; x_wconf 89' lang='lat' dir='ltr'>ipsum</span> <span class='ocrx_word' id='word_1_15' title='bbox 2039 422 2101 461; x_wconf 91' lang='lat' dir='ltr'>se</span> <span class='ocrx_word' id='word_1_16' title='bbox 2143 400 2406 461; x_wconf 84' lang='lat' dir='ltr'>cruciati-</span> 
     </span>
     <span class='ocr_line' id='line_1_3' title="bbox 426 497 2404 576; baseline -0.001 -18"><span class='ocrx_word' id='word_1_17' title='bbox 426 500 537 559; x_wconf 90' lang='lat' dir='ltr'>bus</span> <span class='ocrx_word' id='word_1_18' title='bbox 567 511 626 559; x_wconf 93' lang='lat' dir='ltr'>et</span> <span class='ocrx_word' id='word_1_19' title='bbox 654 499 915 559; x_wconf 91' lang='lat' dir='ltr'>hostium</span> <span class='ocrx_word' id='word_1_20' title='bbox 943 499 1063 559; x_wconf 88' lang='lat' dir='ltr'>irae</span> <span class='ocrx_word' id='word_1_21' title='bbox 1091 499 1298 558; x_wconf 89' lang='lat' dir='ltr'>offerre</span> <span class='ocrx_word' id='word_1_22' title='bbox 1327 497 1681 575; x_wconf 90' lang='lat' dir='ltr'>piaculaque</span> <span class='ocrx_word' id='word_1_23' title='bbox 1709 518 1817 575; x_wconf 94' lang='lat' dir='ltr'>pro</span> <span class='ocrx_word' id='word_1_24' title='bbox 1863 501 2086 576; x_wconf 94' lang='lat' dir='ltr'>populo</span> <span class='ocrx_word' id='word_1_25' title='bbox 2126 500 2404 557; x_wconf 91' lang='lat' dir='ltr'>Romano</span> 
     </span>
     <span class='ocr_line' id='line_1_4' title="bbox 425 594 2460 671; baseline -0.002 -15"><span class='ocrx_word' id='word_1_26' title='bbox 425 598 579 656; x_wconf 88' lang='lat' dir='ltr'>dare.</span> <span class='ocrx_word' id='word_1_27' title='bbox 666 615 828 656; x_wconf 89' lang='lat' dir='ltr'>arma</span> <span class='ocrx_word' id='word_1_28' title='bbox 868 595 1069 656; x_wconf 90' lang='lat' dir='ltr'>cuncti</span> <span class='ocrx_word' id='word_1_29' title='bbox 1111 604 1381 671; x_wconf 91' lang='lat' dir='ltr'>spectant</span> <span class='ocrx_word' id='word_1_30' title='bbox 1418 605 1478 654; x_wconf 90' lang='lat' dir='ltr'>et</span> <span class='ocrx_word' id='word_1_31' title='bbox 1517 594 1780 655; x_wconf 84' lang='lat' dir='ltr'>bellum:</span> <span class='ocrx_word' id='word_1_32' title='bbox 1824 598 1908 655; x_wconf 81' lang='lat' dir='ltr'>en‘</span> <span class='ocrx_word' id='word_1_33' title='bbox 1936 614 2217 671; x_wconf 87' lang='lat' dir='ltr'>umquam</span> <span class='ocrx_word' id='word_1_34' title='bbox 2256 597 2406 653; x_wconf 82' lang='lat' dir='ltr'>futu·</span> <span class='ocrx_word' id='word_1_35' title='bbox 2433 611 2460 659; x_wconf 91' lang='lat'>5</span> 
     </span>
     <span class='ocr_line' id='line_1_5' title="bbox 425 691 1949 770; baseline 0.001 -19"><span class='ocrx_word' id='word_1_36' title='bbox 425 714 571 767; x_wconf 91' lang='lat' dir='ltr'>rum,</span> <span class='ocrx_word' id='word_1_37' title='bbox 602 703 666 753; x_wconf 92' lang='lat' dir='ltr'>ut</span> <span class='ocrx_word' id='word_1_38' title='bbox 695 693 976 770; x_wconf 86' lang='lat' dir='ltr'>congredi</span> <span class='ocrx_word' id='word_1_39' title='bbox 1003 691 1239 751; x_wconf 87' lang='lat' dir='ltr'>armatis</span> <span class='ocrx_word' id='word_1_40' title='bbox 1269 711 1404 750; x_wconf 86' lang='lat' dir='ltr'>curn</span> <span class='ocrx_word' id='word_1_41' title='bbox 1435 692 1701 752; x_wconf 86' lang='lat' dir='ltr'>Samnite</span> <span class='ocrx_word' id='word_1_42' title='bbox 1731 695 1949 754; x_wconf 83' lang='lat' dir='ltr'>liceat?</span> 
     </span>
    </p>

    <p class='ocr_par' dir='ltr' id='par_1_3' title="bbox 423 789 2491 3670">
     <span class='ocr_line' id='line_1_6' title="bbox 509 789 2461 868; baseline 0.002 -18"><span class='ocrx_word' id='word_1_43' title='bbox 509 793 581 850; x_wconf 93' lang='lat' dir='ltr'>In</span> <span class='ocrx_word' id='word_1_44' title='bbox 623 791 858 850; x_wconf 91' lang='lat' dir='ltr'>civitate</span> <span class='ocrx_word' id='word_1_45' title='bbox 900 789 984 848; x_wconf 90' lang='lat' dir='ltr'>ira</span> <span class='ocrx_word' id='word_1_46' title='bbox 1024 789 1286 865; x_wconf 93' lang='lat' dir='ltr'>odioque</span> <span class='ocrx_word' id='word_1_47' title='bbox 1326 790 1569 848; x_wconf 84' lang='lat' dir='ltr'><strong>ardente</strong></span> <span class='ocrx_word' id='word_1_48' title='bbox 1613 789 1864 849; x_wconf 90' lang='lat' dir='ltr'>dilectus</span> <span class='ocrx_word' id='word_1_49' title='bbox 1911 809 2097 868; x_wconf 87' lang='lat' dir='ltr'>prope</span> <span class='ocrx_word' id='word_1_50' title='bbox 2137 790 2403 849; x_wconf 89' lang='lat' dir='ltr'>omnium</span> <span class='ocrx_word' id='word_1_51' title='bbox 2430 804 2461 854; x_wconf 90' lang='lat'><strong>6</strong></span> 
     </span>
     <span class='ocr_line' id='line_1_7' title="bbox 424 884 2405 970; baseline -0.001 -24"><span class='ocrx_word' id='word_1_52' title='bbox 424 887 888 947; x_wconf 87' lang='lat' dir='ltr'>voluntariorum</span> <span class='ocrx_word' id='word_1_53' title='bbox 909 885 1034 947; x_wconf 85' lang='lat' dir='ltr'>fuit.</span> <span class='ocrx_word' id='word_1_54' title='bbox 1081 884 1393 960; x_wconf 85' lang='lat' dir='ltr'>rescriptae</span> <span class='ocrx_word' id='word_1_55' title='bbox 1411 905 1483 944; x_wconf 82' lang='lat' dir='ltr'>ex</span> <span class='ocrx_word' id='word_1_56' title='bbox 1501 887 1715 945; x_wconf 90' lang='lat' dir='ltr'>eodem</span> <span class='ocrx_word' id='word_1_57' title='bbox 1737 885 1921 946; x_wconf 92' lang='lat' dir='ltr'>milite</span> <span class='ocrx_word' id='word_1_58' title='bbox 1938 905 2128 946; x_wconf 88' lang='lat' dir='ltr'>novae</span> <span class='ocrx_word' id='word_1_59' title='bbox 2144 886 2405 970; x_wconf 83' lang='lat' dir='ltr'>legiones</span> 
     </span>
     <span class='ocr_line' id='line_1_8' title="bbox 426 981 2461 1061; baseline -0 -18"><span class='ocrx_word' id='word_1_60' title='bbox 426 987 759 1061; x_wconf 91' lang='lat' dir='ltr'>ductusque</span> <span class='ocrx_word' id='word_1_61' title='bbox 787 985 866 1043; x_wconf 90' lang='lat' dir='ltr'>ad</span> <span class='ocrx_word' id='word_1_62' title='bbox 896 981 1193 1043; x_wconf 86' lang='lat' dir='ltr'>Caudium</span> <span class='ocrx_word' id='word_1_63' title='bbox 1223 981 1528 1041; x_wconf 84' lang='lat' dir='ltr'>exercituS.</span> <span class='ocrx_word' id='word_1_64' title='bbox 1593 982 1914 1059; x_wconf 85' lang='lat' dir='ltr'>praegressi</span> <span class='ocrx_word' id='word_1_65' title='bbox 1943 982 2167 1042; x_wconf 89' lang='lat' dir='ltr'>fetiales</span> <span class='ocrx_word' id='word_1_66' title='bbox 2196 981 2300 1041; x_wconf 91' lang='lat' dir='ltr'>ubi</span> <span class='ocrx_word' id='word_1_67' title='bbox 2326 984 2403 1042; x_wconf 91' lang='lat' dir='ltr'>ad</span> <span class='ocrx_word' id='word_1_68' title='bbox 2433 993 2461 1048; x_wconf 84' lang='grc'><strong>7</strong></span> 
     </span>
     <span class='ocr_line' id='line_1_9' title="bbox 425 1078 2401 1157; baseline -0.001 -17"><span class='ocrx_word' id='word_1_69' title='bbox 425 1091 654 1157; x_wconf 90' lang='lat' dir='ltr'>portam</span> <span class='ocrx_word' id='word_1_70' title='bbox 703 1100 935 1152; x_wconf 91' lang='lat' dir='ltr'>venere,</span> <span class='ocrx_word' id='word_1_71' title='bbox 979 1090 1202 1139; x_wconf 90' lang='lat' dir='ltr'>vestem</span> <span class='ocrx_word' id='word_1_72' title='bbox 1253 1078 1482 1138; x_wconf 84' lang='lat' dir='ltr'>detrahi</span> <span class='ocrx_word' id='word_1_73' title='bbox 1533 1078 1695 1155; x_wconf 89' lang='lat' dir='ltr'>pacis</span> <span class='ocrx_word' id='word_1_74' title='bbox 1745 1079 2130 1156; x_wconf 84' lang='lat' dir='ltr'>sponsoribus</span> <span class='ocrx_word' id='word_1_75' title='bbox 2178 1078 2401 1154; x_wconf 90' lang='lat' dir='ltr'>iubent,</span> 
     </span>
     <span class='ocr_line' id='line_1_10' title="bbox 426 1174 2408 1254; baseline 0.001 -19"><span class='ocrx_word' id='word_1_76' title='bbox 426 1196 633 1236; x_wconf 90' lang='lat' dir='ltr'>manus</span> <span class='ocrx_word' id='word_1_77' title='bbox 655 1189 791 1254; x_wconf 93' lang='lat' dir='ltr'>post</span> <span class='ocrx_word' id='word_1_78' title='bbox 814 1187 1040 1253; x_wconf 89' lang='lat' dir='ltr'>tergum</span> <span class='ocrx_word' id='word_1_79' title='bbox 1061 1174 1281 1235; x_wconf 89' lang='lat' dir='ltr'>vinciri.</span> <span class='ocrx_word' id='word_1_80' title='bbox 1338 1195 1477 1235; x_wconf 89' lang='lat' dir='ltr'>cum</span> <span class='ocrx_word' id='word_1_81' title='bbox 1498 1176 1796 1253; x_wconf 88' lang='lat' dir='ltr'>apparitor</span> <span class='ocrx_word' id='word_1_82' title='bbox 1822 1176 2177 1237; x_wconf 92' lang='lat' dir='ltr'>verecundia</span> <span class='ocrx_word' id='word_1_83' title='bbox 2203 1177 2408 1237; x_wconf 90' lang='lat' dir='ltr'>maies-</span> 
     </span>
     <span class='ocr_line' id='line_1_11' title="bbox 426 1272 2402 1350; baseline -0.001 -17"><span class='ocrx_word' id='word_1_84' title='bbox 426 1273 559 1333; x_wconf 91' lang='lat' dir='ltr'>tatis</span> <span class='ocrx_word' id='word_1_85' title='bbox 583 1273 873 1334; x_wconf 89' lang='lat' dir='ltr'>Postumii</span> <span class='ocrx_word' id='word_1_86' title='bbox 895 1276 1022 1333; x_wconf 88' lang='lat' dir='ltr'>laxe</span> <span class='ocrx_word' id='word_1_87' title='bbox 1043 1272 1302 1345; x_wconf 87' lang='lat' dir='ltr'>vinciret,</span> <span class='ocrx_word' id='word_1_88' title='bbox 1341 1277 1355 1304; x_wconf 91' lang='lat'>‘</span> <span class='ocrx_word' id='word_1_89' title='bbox 1372 1272 1518 1350; x_wconf 92' lang='lat' dir='ltr'>quin</span> <span class='ocrx_word' id='word_1_90' title='bbox 1548 1284 1612 1332; x_wconf 94' lang='lat' dir='ltr'>tu</span> <span class='ocrx_word' id='word_1_91' title='bbox 1631 1275 1646 1301; x_wconf 88' lang='lat'>&#39;</span> <span class='ocrx_word' id='word_1_92' title='bbox 1668 1273 1858 1350; x_wconf 89' lang='lat' dir='ltr'>inquit</span> <span class='ocrx_word' id='word_1_93' title='bbox 1886 1274 2165 1334; x_wconf 89' lang='lat' dir='ltr'>‘adducis</span> <span class='ocrx_word' id='word_1_94' title='bbox 2193 1275 2402 1348; x_wconf 91' lang='lat' dir='ltr'>lorum,</span> 
     </span>
     <span class='ocr_line' id='line_1_12' title="bbox 426 1369 2459 1432; baseline 0 -2"><span class='ocrx_word' id='word_1_95' title='bbox 426 1382 489 1430; x_wconf 88' lang='lat' dir='ltr'>ut</span> <span class='ocrx_word' id='word_1_96' title='bbox 531 1372 685 1432; x_wconf 91' lang='lat' dir='ltr'>iusta</span> <span class='ocrx_word' id='word_1_97' title='bbox 718 1373 820 1430; x_wconf 92' lang='lat' dir='ltr'>fiat</span> <span class='ocrx_word' id='word_1_98' title='bbox 858 1369 1084 1432; x_wconf 92' lang='lat' dir='ltr'>deditio</span> <span class='ocrx_word' id='word_1_99' title='bbox 1102 1373 1158 1430; x_wconf 82' lang='lat'>?’</span> <span class='ocrx_word' id='word_1_100' title='bbox 1202 1382 1329 1430; x_wconf 92' lang='lat' dir='ltr'>turn</span> <span class='ocrx_word' id='word_1_101' title='bbox 1367 1371 1473 1431; x_wconf 92' lang='lat' dir='ltr'>ubi</span> <span class='ocrx_word' id='word_1_102' title='bbox 1499 1371 1562 1430; x_wconf 91' lang='lat' dir='ltr'>in</span> <span class='ocrx_word' id='word_1_103' title='bbox 1591 1382 1829 1431; x_wconf 91' lang='lat' dir='ltr'>coetum</span> <span class='ocrx_word' id='word_1_104' title='bbox 1858 1371 2212 1432; x_wconf 89' lang='lat' dir='ltr'>Samnitium</span> <span class='ocrx_word' id='word_1_105' title='bbox 2242 1382 2300 1432; x_wconf 91' lang='lat' dir='ltr'>et</span> <span class='ocrx_word' id='word_1_106' title='bbox 2327 1374 2405 1431; x_wconf 90' lang='lat' dir='ltr'>ad</span> <span class='ocrx_word' id='word_1_107' title='bbox 2431 1385 2459 1431; x_wconf 89' lang='lat'>8</span> 
     </span>
     <span class='ocr_line' id='line_1_13' title="bbox 426 1468 2406 1543; baseline 0.001 -17"><span class='ocrx_word' id='word_1_108' title='bbox 426 1468 678 1527; x_wconf 89' lang='lat' dir='ltr'>tribunal</span> <span class='ocrx_word' id='word_1_109' title='bbox 717 1480 960 1528; x_wconf 92' lang='lat' dir='ltr'>ventum</span> <span class='ocrx_word' id='word_1_110' title='bbox 1000 1468 1197 1527; x_wconf 90' lang='lat' dir='ltr'>Pontii</span> <span class='ocrx_word' id='word_1_111' title='bbox 1231 1479 1336 1543; x_wconf 92' lang='lat' dir='ltr'>est,</span> <span class='ocrx_word' id='word_1_112' title='bbox 1369 1471 1442 1527; x_wconf 91' lang='lat' dir='ltr'>A.</span> <span class='ocrx_word' id='word_1_113' title='bbox 1477 1468 1787 1530; x_wconf 92' lang='lat' dir='ltr'>Cornelius</span> <span class='ocrx_word' id='word_1_114' title='bbox 1823 1469 2044 1529; x_wconf 90' lang='lat' dir='ltr'>Arvina</span> <span class='ocrx_word' id='word_1_115' title='bbox 2080 1469 2290 1529; x_wconf 85' lang='lat' dir='ltr'>fetialis</span> <span class='ocrx_word' id='word_1_116' title='bbox 2326 1470 2406 1528; x_wconf 93' lang='lat' dir='ltr'>ita</span> 
     </span>
     <span class='ocr_line' id='line_1_14' title="bbox 425 1563 2459 1644; baseline 0.003 -22"><span class='ocrx_word' id='word_1_117' title='bbox 425 1564 602 1622; x_wconf 88' lang='lat' dir='ltr'>verba</span> <span class='ocrx_word' id='word_1_118' title='bbox 662 1565 834 1624; x_wconf 88' lang='lat' dir='ltr'>fecit:</span> <span class='ocrx_word' id='word_1_119' title='bbox 908 1565 1300 1640; x_wconf 90' lang='lat' dir='ltr'>‘quandoque</span> <span class='ocrx_word' id='word_1_120' title='bbox 1361 1563 1523 1624; x_wconf 90' lang='lat' dir='ltr'>hisce</span> <span class='ocrx_word' id='word_1_121' title='bbox 1580 1565 1852 1625; x_wconf 91' lang='lat' dir='ltr'>homines</span> <span class='ocrx_word' id='word_1_122' title='bbox 1915 1565 2138 1626; x_wconf 89' lang='lat' dir='ltr'>iniussu</span> <span class='ocrx_word' id='word_1_123' title='bbox 2200 1567 2403 1644; x_wconf 94' lang='lat' dir='ltr'>populi</span> <span class='ocrx_word' id='word_1_124' title='bbox 2427 1579 2459 1628; x_wconf 90' lang='lat'>9</span> 
     </span>
     <span class='ocr_line' id='line_1_15' title="bbox 427 1659 2403 1739; baseline 0.003 -22"><span class='ocrx_word' id='word_1_125' title='bbox 427 1659 684 1718; x_wconf 92' lang='lat' dir='ltr'>Romani</span> <span class='ocrx_word' id='word_1_126' title='bbox 715 1659 1035 1734; x_wconf 90' lang='lat' dir='ltr'>Quiritium</span> <span class='ocrx_word' id='word_1_127' title='bbox 1073 1661 1284 1720; x_wconf 87' lang='lat' dir='ltr'>foedus</span> <span class='ocrx_word' id='word_1_128' title='bbox 1322 1660 1505 1720; x_wconf 91' lang='lat' dir='ltr'>ictum</span> <span class='ocrx_word' id='word_1_129' title='bbox 1545 1660 1613 1719; x_wconf 89' lang='lat' dir='ltr'>iri</span> <span class='ocrx_word' id='word_1_130' title='bbox 1642 1663 2090 1739; x_wconf 90' lang='lat' dir='ltr'>spoponderunt</span> <span class='ocrx_word' id='word_1_131' title='bbox 2116 1673 2295 1739; x_wconf 91' lang='lat' dir='ltr'>atque</span> <span class='ocrx_word' id='word_1_132' title='bbox 2323 1663 2403 1723; x_wconf 95' lang='lat' dir='ltr'>ob</span> 
     </span>
     <span class='ocr_line' id='line_1_16' title="bbox 426 1757 2403 1835; baseline 0.002 -20"><span class='ocrx_word' id='word_1_133' title='bbox 426 1775 556 1815; x_wconf 92' lang='lat' dir='ltr'>eam</span> <span class='ocrx_word' id='word_1_134' title='bbox 611 1776 734 1815; x_wconf 90' lang='lat' dir='ltr'>rem</span> <span class='ocrx_word' id='word_1_135' title='bbox 778 1776 1007 1819; x_wconf 68' lang='lat' dir='ltr'>,noxam</span> <span class='ocrx_word' id='word_1_136' title='bbox 1064 1766 1406 1828; x_wconf 92' lang='lat' dir='ltr'>nocuerunt,</span> <span class='ocrx_word' id='word_1_137' title='bbox 1461 1757 1540 1816; x_wconf 95' lang='lat' dir='ltr'>ob</span> <span class='ocrx_word' id='word_1_138' title='bbox 1598 1777 1730 1816; x_wconf 93' lang='lat' dir='ltr'>eam</span> <span class='ocrx_word' id='word_1_139' title='bbox 1781 1777 1921 1830; x_wconf 89' lang='lat' dir='ltr'>rem,</span> <span class='ocrx_word' id='word_1_140' title='bbox 1973 1778 2094 1834; x_wconf 92' lang='lat' dir='ltr'>quo</span> <span class='ocrx_word' id='word_1_141' title='bbox 2149 1761 2403 1835; x_wconf 92' lang='lat' dir='ltr'>populus</span> 
     </span>
     <span class='ocr_line' id='line_1_17' title="bbox 428 1851 2402 1930; baseline 0.002 -20"><span class='ocrx_word' id='word_1_142' title='bbox 428 1854 734 1912; x_wconf 90' lang='lat' dir='ltr'>Romanus</span> <span class='ocrx_word' id='word_1_143' title='bbox 783 1854 1002 1913; x_wconf 90' lang='lat' dir='ltr'>scelere</span> <span class='ocrx_word' id='word_1_144' title='bbox 1047 1851 1231 1930; x_wconf 90' lang='lat' dir='ltr'>impio</span> <span class='ocrx_word' id='word_1_145' title='bbox 1277 1851 1351 1911; x_wconf 92' lang='lat' dir='ltr'>sit</span> <span class='ocrx_word' id='word_1_146' title='bbox 1398 1854 1646 1926; x_wconf 81' lang='lat' dir='ltr'>solutuS,</span> <span class='ocrx_word' id='word_1_147' title='bbox 1692 1855 1873 1914; x_wconf 91' lang='lat' dir='ltr'>hosce</span> <span class='ocrx_word' id='word_1_148' title='bbox 1918 1854 2189 1914; x_wconf 90' lang='lat' dir='ltr'>homines</span> <span class='ocrx_word' id='word_1_149' title='bbox 2235 1854 2402 1915; x_wconf 91' lang='lat' dir='ltr'>vobis</span> 
     </span>
     <span class='ocr_line' id='line_1_18' title="bbox 426 1948 2491 2030; baseline 0.002 -22"><span class='ocrx_word' id='word_1_150' title='bbox 426 1951 619 2010; x_wconf 90' lang='lat' dir='ltr'>dedo.&#39;</span> <span class='ocrx_word' id='word_1_151' title='bbox 701 1952 849 2010; x_wconf 92' lang='lat' dir='ltr'>haec</span> <span class='ocrx_word' id='word_1_152' title='bbox 889 1949 1111 2010; x_wconf 91' lang='lat' dir='ltr'>dicenti</span> <span class='ocrx_word' id='word_1_153' title='bbox 1153 1948 1333 2009; x_wconf 90' lang='lat' dir='ltr'>fetiali</span> <span class='ocrx_word' id='word_1_154' title='bbox 1378 1949 1717 2010; x_wconf 88' lang='lat' dir='ltr'>Postumius</span> <span class='ocrx_word' id='word_1_155' title='bbox 1755 1971 1911 2029; x_wconf 90' lang='lat' dir='ltr'>genu</span> <span class='ocrx_word' id='word_1_156' title='bbox 1954 1954 2143 2012; x_wconf 88' lang='lat' dir='ltr'>femur</span> <span class='ocrx_word' id='word_1_157' title='bbox 2184 1963 2404 2030; x_wconf 91' lang='lat' dir='ltr'>quanta</span> <span class='ocrx_word' id='word_1_158' title='bbox 2433 1975 2491 2012; x_wconf 85' lang='lat'>10</span> 
     </span>
     <span class='ocr_line' id='line_1_19' title="bbox 427 2034 2401 2123; baseline 0.002 -19"><span class='ocrx_word' id='word_1_159' title='bbox 427 2047 677 2106; x_wconf 87' lang='lat' dir='ltr'>maxime</span> <span class='ocrx_word' id='word_1_160' title='bbox 708 2034 948 2123; x_wconf 73' lang='lat' dir='ltr'>&#39;poterat</span> <span class='ocrx_word' id='word_1_161' title='bbox 989 2045 1047 2106; x_wconf 88' lang='lat' dir='ltr'>vi</span> <span class='ocrx_word' id='word_1_162' title='bbox 1088 2046 1336 2123; x_wconf 91' lang='lat' dir='ltr'>perculit</span> <span class='ocrx_word' id='word_1_163' title='bbox 1377 2057 1437 2107; x_wconf 93' lang='lat' dir='ltr'>et</span> <span class='ocrx_word' id='word_1_164' title='bbox 1480 2049 1635 2107; x_wconf 90' lang='lat' dir='ltr'>clara</span> <span class='ocrx_word' id='word_1_165' title='bbox 1672 2067 1818 2108; x_wconf 92' lang='lat' dir='ltr'>voce</span> <span class='ocrx_word' id='word_1_166' title='bbox 1855 2051 1937 2108; x_wconf 91' lang='lat' dir='ltr'>ait</span> <span class='ocrx_word' id='word_1_167' title='bbox 1975 2069 2038 2109; x_wconf 90' lang='lat' dir='ltr'>se</span> <span class='ocrx_word' id='word_1_168' title='bbox 2078 2049 2401 2110; x_wconf 89' lang='lat' dir='ltr'>Samnitem</span> 
     </span>
     <span class='ocr_line' id='line_1_20' title="bbox 427 2142 2399 2224; baseline 0.003 -22"><span class='ocrx_word' id='word_1_169' title='bbox 427 2142 614 2203; x_wconf 91' lang='lat' dir='ltr'>civem</span> <span class='ocrx_word' id='word_1_170' title='bbox 644 2163 788 2215; x_wconf 88' lang='lat' dir='ltr'>esse,</span> <span class='ocrx_word' id='word_1_171' title='bbox 822 2143 988 2203; x_wconf 91' lang='lat' dir='ltr'>illum</span> <span class='ocrx_word' id='word_1_172' title='bbox 1027 2143 1286 2220; x_wconf 89' lang='lat' dir='ltr'>legatum</span> <span class='ocrx_word' id='word_1_173' title='bbox 1324 2142 1582 2204; x_wconf 88' lang='lat' dir='ltr'>fetialem</span> <span class='ocrx_word' id='word_1_174' title='bbox 1612 2164 1648 2204; x_wconf 91' lang='lat' dir='ltr'>a</span> <span class='ocrx_word' id='word_1_175' title='bbox 1674 2163 1738 2205; x_wconf 90' lang='lat' dir='ltr'>se</span> <span class='ocrx_word' id='word_1_176' title='bbox 1777 2156 1983 2210; x_wconf 91' lang='lat' dir='ltr'>contra</span> <span class='ocrx_word' id='word_1_177' title='bbox 2021 2145 2111 2205; x_wconf 91' lang='lat' dir='ltr'>ius</span> <span class='ocrx_word' id='word_1_178' title='bbox 2138 2147 2399 2224; x_wconf 90' lang='lat' dir='ltr'>gentium</span> 
     </span>
     <span class='ocr_line' id='line_1_21' title="bbox 424 2240 2476 2319; baseline 0.002 -19"><span class='ocrx_word' id='word_1_179' title='bbox 424 2240 742 2301; x_wconf 84' lang='lat' dir='ltr'>violatum:</span> <span class='ocrx_word' id='word_1_180' title='bbox 798 2260 872 2302; x_wconf 92' lang='lat' dir='ltr'>eo</span> <span class='ocrx_word' id='word_1_181' title='bbox 913 2240 1122 2301; x_wconf 89' lang='lat' dir='ltr'>iustius</span> <span class='ocrx_word' id='word_1_182' title='bbox 1165 2242 1385 2301; x_wconf 92' lang='lat' dir='ltr'>bellum</span> <span class='ocrx_word' id='word_1_183' title='bbox 1428 2253 1710 2319; x_wconf 75' lang='lat' dir='ltr'>gesturos,</span> <span class='ocrx_word' id='word_1_184' title='bbox 1798 2254 1924 2302; x_wconf 91' lang='lat' dir='ltr'>tum</span> <span class='ocrx_word' id='word_1_185' title='bbox 1969 2243 2215 2303; x_wconf 88' lang='lat' dir='ltr'>Pontius</span> <span class='ocrx_word' id='word_1_186' title='bbox 2260 2248 2402 2304; x_wconf 90' lang='lat' dir='ltr'>‘nec</span> <span class='ocrx_word' id='word_1_187' title='bbox 2426 2263 2476 2303; x_wconf 87' lang='lat'>11</span> 
     </span>
     <span class='ocr_line' id='line_1_22' title="bbox 425 2337 2400 2416; baseline 0.003 -19"><span class='ocrx_word' id='word_1_188' title='bbox 425 2358 534 2416; x_wconf 90' lang='lat' dir='ltr'>ego</span> <span class='ocrx_word' id='word_1_189' title='bbox 556 2338 729 2398; x_wconf 89' lang='lat' dir='ltr'>istam</span> <span class='ocrx_word' id='word_1_190' title='bbox 751 2337 1118 2399; x_wconf 92' lang='lat' dir='ltr'>deditionem</span> <span class='ocrx_word' id='word_1_191' title='bbox 1141 2338 1428 2415; x_wconf 90' lang='lat' dir='ltr'>accipiam</span> <span class='ocrx_word' id='word_1_192' title='bbox 1448 2341 1463 2366; x_wconf 90' lang='lat'>&#39;</span> <span class='ocrx_word' id='word_1_193' title='bbox 1485 2338 1691 2416; x_wconf 88' lang='lat' dir='ltr'>inquit,</span> <span class='ocrx_word' id='word_1_194' title='bbox 1722 2344 1737 2371; x_wconf 89' lang='lat'>‘</span> <span class='ocrx_word' id='word_1_195' title='bbox 1755 2360 1866 2400; x_wconf 92' lang='lat' dir='ltr'>nec</span> <span class='ocrx_word' id='word_1_196' title='bbox 1896 2340 2188 2401; x_wconf 88' lang='lat' dir='ltr'>Samnites</span> <span class='ocrx_word' id='word_1_197' title='bbox 2217 2352 2400 2402; x_wconf 89' lang='lat' dir='ltr'>ratam</span> 
     </span>
     <span class='ocr_line' id='line_1_23' title="bbox 425 2434 2454 2513; baseline 0.002 -21"><span class='ocrx_word' id='word_1_198' title='bbox 425 2434 746 2495; x_wconf 90' lang='lat' dir='ltr'>habebunt.</span> <span class='ocrx_word' id='word_1_199' title='bbox 832 2434 976 2512; x_wconf 89' lang='lat' dir='ltr'>quin</span> <span class='ocrx_word' id='word_1_200' title='bbox 1009 2446 1090 2508; x_wconf 92' lang='lat' dir='ltr'>tu,</span> <span class='ocrx_word' id='word_1_201' title='bbox 1128 2436 1225 2513; x_wconf 91' lang='lat' dir='ltr'>Sp.</span> <span class='ocrx_word' id='word_1_202' title='bbox 1268 2436 1552 2508; x_wconf 89' lang='lat' dir='ltr'>Postumi,</span> <span class='ocrx_word' id='word_1_203' title='bbox 1600 2434 1649 2495; x_wconf 91' lang='lat' dir='ltr'>si</span> <span class='ocrx_word' id='word_1_204' title='bbox 1686 2438 1833 2496; x_wconf 90' lang='lat' dir='ltr'>deos</span> <span class='ocrx_word' id='word_1_205' title='bbox 1875 2457 2004 2498; x_wconf 91' lang='lat' dir='ltr'>esse</span> <span class='ocrx_word' id='word_1_206' title='bbox 2032 2458 2255 2512; x_wconf 79' lang='lat' dir='ltr'>censeS,</span> <span class='ocrx_word' id='word_1_207' title='bbox 2299 2451 2401 2499; x_wconf 91' lang='lat' dir='ltr'>aut</span> <span class='ocrx_word' id='word_1_208' title='bbox 2428 2462 2454 2497; x_wconf 80' lang='lat'>2</span> 
     </span>
     <span class='ocr_line' id='line_1_24' title="bbox 425 2531 2396 2612; baseline 0.002 -20"><span class='ocrx_word' id='word_1_209' title='bbox 425 2531 623 2592; x_wconf 89' lang='lat' dir='ltr'>omnia</span> <span class='ocrx_word' id='word_1_210' title='bbox 651 2531 809 2591; x_wconf 88' lang='lat' dir='ltr'>irrita</span> <span class='ocrx_word' id='word_1_211' title='bbox 845 2532 990 2592; x_wconf 88' lang='lat' dir='ltr'>facis</span> <span class='ocrx_word' id='word_1_212' title='bbox 1026 2543 1127 2591; x_wconf 88' lang='lat' dir='ltr'>aut</span> <span class='ocrx_word' id='word_1_213' title='bbox 1165 2542 1340 2609; x_wconf 93' lang='lat' dir='ltr'>pacto</span> <span class='ocrx_word' id='word_1_214' title='bbox 1379 2536 1541 2592; x_wconf 86' lang='lat' dir='ltr'>stas?</span> <span class='ocrx_word' id='word_1_215' title='bbox 1626 2533 1875 2593; x_wconf 91' lang='lat' dir='ltr'>Samniti</span> <span class='ocrx_word' id='word_1_216' title='bbox 1909 2538 2133 2612; x_wconf 90' lang='lat' dir='ltr'>populo</span> <span class='ocrx_word' id='word_1_217' title='bbox 2171 2556 2396 2610; x_wconf 79' lang='lat' dir='ltr'>omneS,</span> 
     </span>
     <span class='ocr_line' id='line_1_25' title="bbox 423 2628 2455 2708; baseline 0.002 -22"><span class='ocrx_word' id='word_1_218' title='bbox 423 2647 573 2704; x_wconf 91' lang='lat' dir='ltr'>quos</span> <span class='ocrx_word' id='word_1_219' title='bbox 601 2628 664 2688; x_wconf 88' lang='lat' dir='ltr'>in</span> <span class='ocrx_word' id='word_1_220' title='bbox 694 2639 983 2706; x_wconf 90' lang='lat' dir='ltr'>potestate</span> <span class='ocrx_word' id='word_1_221' title='bbox 1011 2628 1234 2702; x_wconf 90' lang='lat' dir='ltr'>habuit,</span> <span class='ocrx_word' id='word_1_222' title='bbox 1265 2640 1367 2688; x_wconf 91' lang='lat' dir='ltr'>aut</span> <span class='ocrx_word' id='word_1_223' title='bbox 1394 2648 1502 2706; x_wconf 91' lang='lat' dir='ltr'>pro</span> <span class='ocrx_word' id='word_1_224' title='bbox 1531 2629 1601 2688; x_wconf 91' lang='lat' dir='ltr'>iis</span> <span class='ocrx_word' id='word_1_225' title='bbox 1631 2650 1744 2706; x_wconf 90' lang='lat' dir='ltr'>pax</span> <span class='ocrx_word' id='word_1_226' title='bbox 1772 2630 2036 2690; x_wconf 89' lang='lat' dir='ltr'>debetur.</span> <span class='ocrx_word' id='word_1_227' title='bbox 2123 2633 2228 2692; x_wconf 92' lang='lat' dir='ltr'>sed</span> <span class='ocrx_word' id='word_1_228' title='bbox 2257 2632 2399 2708; x_wconf 93' lang='lat' dir='ltr'>quid</span> <span class='ocrx_word' id='word_1_229' title='bbox 2426 2644 2455 2690; x_wconf 82' lang='lat'><strong>3</strong></span> 
     </span>
     <span class='ocr_line' id='line_1_26' title="bbox 424 2724 2401 2804; baseline 0.003 -21"><span class='ocrx_word' id='word_1_230' title='bbox 424 2743 534 2801; x_wconf 90' lang='lat' dir='ltr'>ego</span> <span class='ocrx_word' id='word_1_231' title='bbox 575 2735 636 2783; x_wconf 89' lang='lat' dir='ltr'>te</span> <span class='ocrx_word' id='word_1_232' title='bbox 675 2726 926 2801; x_wconf 90' lang='lat' dir='ltr'>appello,</span> <span class='ocrx_word' id='word_1_233' title='bbox 959 2724 1061 2801; x_wconf 93' lang='lat' dir='ltr'>qui</span> <span class='ocrx_word' id='word_1_234' title='bbox 1102 2736 1162 2784; x_wconf 91' lang='lat' dir='ltr'>te</span> <span class='ocrx_word' id='word_1_235' title='bbox 1203 2736 1442 2802; x_wconf 92' lang='lat' dir='ltr'>captum</span> <span class='ocrx_word' id='word_1_236' title='bbox 1484 2725 1691 2785; x_wconf 88' lang='lat' dir='ltr'>victori</span> <span class='ocrx_word' id='word_1_237' title='bbox 1733 2745 1871 2785; x_wconf 88' lang='lat' dir='ltr'>curn</span> <span class='ocrx_word' id='word_1_238' title='bbox 1913 2746 2030 2803; x_wconf 90' lang='lat' dir='ltr'>qua</span> <span class='ocrx_word' id='word_1_239' title='bbox 2072 2738 2241 2804; x_wconf 89' lang='lat' dir='ltr'>potes</span> <span class='ocrx_word' id='word_1_240' title='bbox 2283 2730 2401 2789; x_wconf 92' lang='lat' dir='ltr'>fide</span> 
     </span>
     <span class='ocr_line' id='line_1_27' title="bbox 424 2820 2401 2901; baseline 0.003 -22"><span class='ocrx_word' id='word_1_241' title='bbox 424 2820 722 2881; x_wconf 86' lang='lat' dir='ltr'>restituis?</span> <span class='ocrx_word' id='word_1_242' title='bbox 768 2823 1056 2898; x_wconf 90' lang='lat' dir='ltr'>populum</span> <span class='ocrx_word' id='word_1_243' title='bbox 1095 2823 1437 2882; x_wconf 89' lang='lat' dir='ltr'>Romanum</span> <span class='ocrx_word' id='word_1_244' title='bbox 1477 2825 1728 2900; x_wconf 91' lang='lat' dir='ltr'>appello,</span> <span class='ocrx_word' id='word_1_245' title='bbox 1762 2842 1942 2900; x_wconf 92' lang='lat' dir='ltr'>quern</span> <span class='ocrx_word' id='word_1_246' title='bbox 1980 2823 2029 2882; x_wconf 92' lang='lat' dir='ltr'>si</span> <span class='ocrx_word' id='word_1_247' title='bbox 2068 2824 2401 2901; x_wconf 89' lang='lat' dir='ltr'>sponsionis</span> 
     </span>
     <span class='ocr_line' id='line_1_28' title="bbox 424 2916 2401 2996; baseline 0.003 -20"><span class='ocrx_word' id='word_1_248' title='bbox 424 2919 502 2977; x_wconf 91' lang='lat' dir='ltr'>ad</span> <span class='ocrx_word' id='word_1_249' title='bbox 529 2919 782 2978; x_wconf 88' lang='lat' dir='ltr'>furculas</span> <span class='ocrx_word' id='word_1_250' title='bbox 811 2916 1114 2979; x_wconf 90' lang='lat' dir='ltr'>Caudinas</span> <span class='ocrx_word' id='word_1_251' title='bbox 1143 2920 1332 2978; x_wconf 89' lang='lat' dir='ltr'>factae</span> <span class='ocrx_word' id='word_1_252' title='bbox 1359 2919 1637 2996; x_wconf 90' lang='lat' dir='ltr'>paenitet,</span> <span class='ocrx_word' id='word_1_253' title='bbox 1670 2919 1934 2980; x_wconf 87' lang='lat' dir='ltr'>restituat</span> <span class='ocrx_word' id='word_1_254' title='bbox 1962 2920 2223 2996; x_wconf 88' lang='lat' dir='ltr'>legiones</span> <span class='ocrx_word' id='word_1_255' title='bbox 2250 2921 2401 2981; x_wconf 89' lang='lat' dir='ltr'>intra</span> 
     </span>
     <span class='ocr_line' id='line_1_29' title="bbox 425 3015 2455 3095; baseline 0.002 -22"><span class='ocrx_word' id='word_1_256' title='bbox 425 3015 658 3089; x_wconf 88' lang='lat' dir='ltr'>saltum,</span> <span class='ocrx_word' id='word_1_257' title='bbox 685 3034 808 3091; x_wconf 91' lang='lat' dir='ltr'>quo</span> <span class='ocrx_word' id='word_1_258' title='bbox 837 3024 1072 3090; x_wconf 89' lang='lat' dir='ltr'>saeptae</span> <span class='ocrx_word' id='word_1_259' title='bbox 1109 3016 1358 3074; x_wconf 91' lang='lat' dir='ltr'>fuerunt.</span> <span class='ocrx_word' id='word_1_260' title='bbox 1446 3036 1625 3076; x_wconf 90' lang='lat' dir='ltr'>nemo</span> <span class='ocrx_word' id='word_1_261' title='bbox 1668 3036 2027 3094; x_wconf 90' lang='lat' dir='ltr'>quemquam</span> <span class='ocrx_word' id='word_1_262' title='bbox 2069 3019 2367 3095; x_wconf 90' lang='lat' dir='ltr'>deceperit</span> <span class='ocrx_word' id='word_1_263' title='bbox 2386 3042 2402 3092; x_wconf 79' lang='lat'>3</span> <span class='ocrx_word' id='word_1_264' title='bbox 2423 3037 2455 3087; x_wconf 89' lang='lat'>4</span> 
     </span>
     <span class='ocr_line' id='line_1_30' title="bbox 425 3109 2397 3189; baseline 0.002 -19"><span class='ocrx_word' id='word_1_265' title='bbox 425 3111 626 3170; x_wconf 91' lang='lat' dir='ltr'>omnia</span> <span class='ocrx_word' id='word_1_266' title='bbox 653 3131 761 3188; x_wconf 88' lang='lat' dir='ltr'>pro</span> <span class='ocrx_word' id='word_1_267' title='bbox 790 3110 1008 3171; x_wconf 88' lang='lat' dir='ltr'>infecto</span> <span class='ocrx_word' id='word_1_268' title='bbox 1037 3109 1191 3185; x_wconf 80' lang='lat' dir='ltr'>sint3</span> <span class='ocrx_word' id='word_1_269' title='bbox 1230 3111 1514 3188; x_wconf 89' lang='lat' dir='ltr'>recipiant</span> <span class='ocrx_word' id='word_1_270' title='bbox 1542 3131 1719 3185; x_wconf 81' lang='lat' dir='ltr'>arma,</span> <span class='ocrx_word' id='word_1_271' title='bbox 1752 3132 1905 3188; x_wconf 90' lang='lat' dir='ltr'>quae</span> <span class='ocrx_word' id='word_1_272' title='bbox 1932 3132 2036 3189; x_wconf 89' lang='lat' dir='ltr'>per</span> <span class='ocrx_word' id='word_1_273' title='bbox 2064 3113 2397 3189; x_wconf 88' lang='lat' dir='ltr'>pactionem</span> 
     </span>
     <span class='ocr_line' id='line_1_31' title="bbox 425 3205 2402 3284; baseline 0.002 -17"><span class='ocrx_word' id='word_1_274' title='bbox 425 3208 829 3282; x_wconf 84' lang='lat' dir='ltr'>tradiderunt3</span> <span class='ocrx_word' id='word_1_275' title='bbox 869 3208 1112 3268; x_wconf 89' lang='lat' dir='ltr'>redeant</span> <span class='ocrx_word' id='word_1_276' title='bbox 1140 3205 1203 3266; x_wconf 92' lang='lat' dir='ltr'>in</span> <span class='ocrx_word' id='word_1_277' title='bbox 1232 3218 1420 3266; x_wconf 90' lang='lat' dir='ltr'>castra</span> <span class='ocrx_word' id='word_1_278' title='bbox 1446 3227 1591 3282; x_wconf 77' lang='lat' dir='ltr'>sua3</span> <span class='ocrx_word' id='word_1_279' title='bbox 1635 3207 1928 3284; x_wconf 91' lang='lat' dir='ltr'>quidquid</span> <span class='ocrx_word' id='word_1_280' title='bbox 1966 3208 2155 3284; x_wconf 90' lang='lat' dir='ltr'>pridie</span> <span class='ocrx_word' id='word_1_281' title='bbox 2185 3211 2402 3270; x_wconf 91' lang='lat' dir='ltr'>habue-</span> 
     </span>
     <span class='ocr_line' id='line_1_32' title="bbox 426 3303 2398 3382; baseline 0.002 -18"><span class='ocrx_word' id='word_1_282' title='bbox 426 3315 575 3377; x_wconf 90' lang='lat' dir='ltr'>runt,</span> <span class='ocrx_word' id='word_1_283' title='bbox 602 3325 778 3382; x_wconf 91' lang='lat' dir='ltr'>quam</span> <span class='ocrx_word' id='word_1_284' title='bbox 810 3303 871 3362; x_wconf 92' lang='lat' dir='ltr'>in</span> <span class='ocrx_word' id='word_1_285' title='bbox 893 3304 1275 3379; x_wconf 89' lang='lat' dir='ltr'>conloquium</span> <span class='ocrx_word' id='word_1_286' title='bbox 1299 3314 1388 3364; x_wconf 91' lang='lat' dir='ltr'>est</span> <span class='ocrx_word' id='word_1_287' title='bbox 1407 3314 1668 3375; x_wconf 89' lang='lat' dir='ltr'>ventum,</span> <span class='ocrx_word' id='word_1_288' title='bbox 1695 3304 1985 3364; x_wconf 88' lang='lat' dir='ltr'>habeant:</span> <span class='ocrx_word' id='word_1_289' title='bbox 2021 3314 2149 3364; x_wconf 92' lang='lat' dir='ltr'>turn</span> <span class='ocrx_word' id='word_1_290' title='bbox 2178 3305 2398 3370; x_wconf 86' lang='lat' dir='ltr'>bellurn</span> 
     </span>
     <span class='ocr_line' id='line_1_33' title="bbox 427 3398 2396 3478; baseline 0.001 -17"><span class='ocrx_word' id='word_1_291' title='bbox 427 3412 488 3461; x_wconf 90' lang='lat' dir='ltr'>et</span> <span class='ocrx_word' id='word_1_292' title='bbox 527 3400 697 3460; x_wconf 88' lang='lat' dir='ltr'>fortia</span> <span class='ocrx_word' id='word_1_293' title='bbox 738 3400 982 3459; x_wconf 91' lang='lat' dir='ltr'>consilia</span> <span class='ocrx_word' id='word_1_294' title='bbox 1024 3401 1311 3476; x_wconf 91' lang='lat' dir='ltr'>placeant,</span> <span class='ocrx_word' id='word_1_295' title='bbox 1343 3409 1470 3459; x_wconf 88' lang='lat' dir='ltr'>tum</span> <span class='ocrx_word' id='word_1_296' title='bbox 1514 3398 1757 3475; x_wconf 90' lang='lat' dir='ltr'>sponsio</span> <span class='ocrx_word' id='word_1_297' title='bbox 1789 3410 1848 3459; x_wconf 91' lang='lat' dir='ltr'>et</span> <span class='ocrx_word' id='word_1_298' title='bbox 1888 3420 2002 3478; x_wconf 84' lang='lat' dir='ltr'>pax</span> <span class='ocrx_word' id='word_1_299' title='bbox 2043 3402 2396 3478; x_wconf 89' lang='lat' dir='ltr'>repudietur.</span> 
     </span>
     <span class='ocr_line' id='line_1_34' title="bbox 428 3493 2454 3571; baseline -0 -15"><span class='ocrx_word' id='word_1_300' title='bbox 428 3516 498 3556; x_wconf 90' lang='lat' dir='ltr'>ea</span> <span class='ocrx_word' id='word_1_301' title='bbox 525 3498 771 3567; x_wconf 88' lang='lat' dir='ltr'>fortuna,</span> <span class='ocrx_word' id='word_1_302' title='bbox 803 3495 872 3554; x_wconf 92' lang='lat' dir='ltr'>iis</span> <span class='ocrx_word' id='word_1_303' title='bbox 910 3495 1072 3569; x_wconf 81' lang='lat' dir='ltr'>lociS,</span> <span class='ocrx_word' id='word_1_304' title='bbox 1106 3515 1257 3571; x_wconf 93' lang='lat' dir='ltr'>quae</span> <span class='ocrx_word' id='word_1_305' title='bbox 1284 3504 1422 3553; x_wconf 91' lang='lat' dir='ltr'>ante</span> <span class='ocrx_word' id='word_1_306' title='bbox 1461 3493 1623 3570; x_wconf 90' lang='lat' dir='ltr'>pacis</span> <span class='ocrx_word' id='word_1_307' title='bbox 1663 3495 2024 3556; x_wconf 91' lang='lat' dir='ltr'>mentionem</span> <span class='ocrx_word' id='word_1_308' title='bbox 2064 3497 2394 3569; x_wconf 91' lang='lat' dir='ltr'>habuimus,</span> <span class='ocrx_word' id='word_1_309' title='bbox 2426 3519 2454 3569; x_wconf 81' lang='lat'>5</span> 
     </span>
     <span class='ocr_line' id='line_1_35' title="bbox 426 3591 2399 3670; baseline 0.001 -20"><span class='ocrx_word' id='word_1_310' title='bbox 426 3611 693 3668; x_wconf 88' lang='lat' dir='ltr'>geramus</span> <span class='ocrx_word' id='word_1_311' title='bbox 749 3591 986 3664; x_wconf 85' lang='lat' dir='ltr'>bellurn,</span> <span class='ocrx_word' id='word_1_312' title='bbox 1039 3610 1149 3651; x_wconf 90' lang='lat' dir='ltr'>nec</span> <span class='ocrx_word' id='word_1_313' title='bbox 1197 3591 1450 3667; x_wconf 89' lang='lat' dir='ltr'>populus</span> <span class='ocrx_word' id='word_1_314' title='bbox 1504 3592 1811 3652; x_wconf 91' lang='lat' dir='ltr'>Romanus</span> <span class='ocrx_word' id='word_1_315' title='bbox 1860 3593 2171 3652; x_wconf 90' lang='lat' dir='ltr'>consulum</span> <span class='ocrx_word' id='word_1_316' title='bbox 2227 3612 2399 3670; x_wconf 90' lang='lat' dir='ltr'>spon-</span> 
     </span>
    </p>
   </div>
  </div>
 </body>
</html>
