2909 4381
1344 231 1416 288 T.
1465 230 1642 288 LIVI

448 405 480 455 6
506 393 735 454 sionem
778 412 891 454 nec
933 412 1042 454 nos
1085 393 1265 453 fidem
1308 391 1513 471 populi
1566 390 1825 452 Romani
1872 410 2236 452 accusemus.
2323 411 2490 452 num-

506 510 765 567 quamne
806 509 984 551 causa
1025 491 1220 563 defiet,
1266 508 1370 549 cur
1409 488 1548 549 victi
1596 497 1771 566 pacto
1821 508 1943 548 non
1986 489 2150 549 stetis
2168 492 2195 548 Ρ
2248 488 2488 551 obsides

509 586 830 646 Porsinnae
873 572 1156 646 dedistis:
1212 587 1367 645 furto
1409 605 1513 646 eos
1555 585 1916 647 subduxistis
1934 608 1952 660 3
2006 605 2149 645 auro
2191 585 2489 646 civitatem

505 705 541 744 a
579 684 764 744 Gallis
807 682 1169 744 redemistis:
1219 682 1370 744 inter
1409 682 1824 760 accipiendum
1867 702 2075 742 aurum
2117 683 2274 743 caesi
2316 694 2452 743 sunt
2470 705 2488 757 3

455 794 481 847 7
508 800 716 858 pacem
759 779 1071 840 nobiscum
1114 778 1432 856 pepigistis,
1466 789 1532 838 ut
1573 779 1834 856 legiones
1869 778 2039 838 vobis
2081 789 2282 856 captas
2324 779 2485 839 resti-

507 890 839 937 tueremus:
883 896 1014 935 eam
1053 896 1262 952 pacem
1302 875 1521 934 irritam
1563 875 1767 935 facitis,
1855 887 1915 936 et
1956 895 2188 953 semper
2228 875 2485 953 aliquam

453 985 483 1032 8
508 973 698 1033 fraudi
721 971 979 1049 speciem
1002 971 1141 1031 iuris
1163 972 1483 1049 imponitis,
1530 991 1652 1032 non
1671 972 1881 1049 probat
1901 974 2157 1049 populus
2178 975 2486 1031 Romanus

506 1068 900 1146 ignominiosa
954 1088 1101 1146 pace
1155 1067 1416 1146 legiones
1474 1079 1766 1144 servatas;
1819 1087 2028 1146 pacem
2085 1068 2197 1128 sibi
2251 1068 2484 1142 habeat,

505 1166 766 1241 legiones
808 1176 1008 1242 captas
1051 1164 1258 1225 victori
1298 1164 1600 1225 restituat:
1652 1167 1768 1225 hoc
1807 1167 1941 1239 fide,
1975 1168 2090 1225 hoc
2128 1165 2486 1239 foederibuS,

451 1278 483 1328 9
506 1264 621 1321 hoc
649 1261 942 1321 fetialibus
972 1260 1342 1321 caerimoniis
1371 1261 1617 1338 dignum
1647 1272 1784 1322 erat.
1844 1272 1910 1322 ut
1938 1262 2181 1340 quidem
2209 1274 2290 1336 tu,
2322 1265 2486 1339 quod

505 1358 700 1436 petisti
757 1378 860 1436 per
916 1359 1270 1436 pactionem,
1331 1359 1567 1432 habeaS,
1622 1370 1710 1419 tot
1766 1358 1923 1419 cives
1980 1362 2322 1434 incolumeS,
2375 1380 2485 1438 ego

504 1476 731 1534 pacem,
763 1476 942 1533 quam
971 1458 1082 1515 hos
1110 1455 1218 1515 tibi
1254 1455 1608 1517 remittendo
1646 1467 1852 1533 pactus
1881 1476 2028 1528 sum,
2061 1477 2184 1517 non
2212 1457 2481 1530 habeam,

506 1555 621 1612 hoc
665 1564 744 1626 tu,
778 1556 849 1612 A.
884 1552 1140 1625 Corneli,
1174 1554 1288 1612 hoc
1326 1572 1449 1622 vos,
1481 1551 1722 1626 fetiales,
1755 1551 1894 1612 iuris
1934 1553 2207 1631 gentibus
2249 1552 2485 1613 dicitis?

423 1664 483 1701 10
504 1669 615 1727 ego
656 1669 795 1709 vero
838 1649 998 1723 istos,
1043 1668 1194 1726 quos
1237 1648 1378 1709 dedi
1421 1648 1724 1724 simulatiS,
1770 1668 1882 1710 nec
1921 1649 2151 1727 accipio
2193 1670 2303 1710 nec
2345 1649 2482 1710 dedi

503 1736 890 1809 arbitror'nec
921 1767 1132 1821 moror,
1165 1767 1287 1824 quo
1317 1746 1514 1806 minus
1542 1747 1604 1806 in
1633 1746 1929 1807 civitatem
1968 1747 2286 1824 obligatam
2314 1766 2485 1824 spon-

504 1844 671 1906 sione
699 1845 1017 1905 commissa
1043 1843 1202 1904 iratis
1232 1844 1510 1904 omnibus
1539 1844 1645 1916 dis,
1679 1864 1931 1921 quorum
1960 1843 2217 1904 eluditur
2243 1864 2481 1916 numen,

422 1963 479 1999 11
504 1943 763 2001 redeant.
849 1941 1031 2018 gerite
1060 1942 1300 2014 bellum,
1332 1942 1576 2017 quando
1614 1943 1712 2018 Sp.
1748 1941 2085 2002 Postumius
2126 1943 2309 2002 modo
2335 1943 2486 2018 lega-

505 2050 631 2099 tum
660 2037 917 2099 fetialem
946 2058 1102 2114 genu
1130 2037 1393 2115 perculit.
1469 2037 1552 2097 ita
1578 2037 1641 2097 di
1670 2040 1914 2098 credent
1941 2021 2266 2098 Samnitem
2294 2038 2484 2098 civem

508 2135 897 2210 Postumium,
920 2155 1043 2196 non
1065 2134 1255 2198 civem
1280 2137 1625 2196 Romanum
1648 2155 1776 2196 esse
1805 2146 1864 2197 et
1884 2156 1921 2195 a
1942 2135 2205 2198 Samnite
2226 2137 2484 2214 legatum

508 2235 852 2292 Romanum
885 2232 1208 2292 violatum:
1259 2252 1332 2292 eo
1370 2232 1541 2293 vobis
1582 2232 1803 2292 iustum
1846 2231 1906 2291 in
1949 2253 2059 2294 nos
2100 2235 2320 2294 factum
2359 2254 2485 2294 esse

424 2350 480 2386 12
507 2331 745 2390 bellum.
849 2331 996 2390 haec
1045 2328 1300 2388 ludibria
1340 2328 1689 2407 religionum
1738 2349 1861 2389 non
1910 2332 2134 2407 pudere
2181 2330 2242 2390 in
2291 2332 2484 2391 lucem

508 2428 762 2504 proferre
800 2437 859 2486 et
887 2425 983 2484 vix
1023 2424 1220 2503 pueris
1255 2425 1464 2503 dignas
1502 2427 1782 2503 ambages
1825 2446 1995 2486 senes
2036 2446 2107 2486 ac
2148 2428 2485 2487 consulares

423 2539 483 2589 13
505 2525 797 2584 fallendae
841 2520 982 2583 fidei
1025 2520 1360 2598 exquirere!
1416 2522 1453 2595 i,
1486 2521 1671 2595 lictor,
1715 2524 1892 2583 deme
1930 2522 2123 2583 vincla
2162 2524 2486 2599 Romanis3

507 2629 767 2680 moratus
817 2618 893 2679 sit
947 2638 1142 2691 nem0,
1188 2637 1310 2695 quo
1360 2618 1574 2691 minuS,
1619 2617 1723 2678 ubi
1764 2617 1955 2678 visum
2004 2618 2190 2691 fuerit,
2235 2620 2487 2680 abeant?

373 2787 388 2802 .
507 2729 566 2778 et
593 2717 676 2776 illi
705 2716 964 2794 quidem,
997 2714 1241 2775 forsitan
1271 2724 1329 2775 et
1365 2714 1620 2792 publica,
1654 2735 1761 2775 sua
1798 2726 1956 2776 certe
1983 2715 2229 2776 liberata
2262 2718 2382 2777 fide
2407 2716 2486 2777 ab

420 2826 484 2869 12
509 2812 742 2874 Caudio
780 2814 840 2872 in
871 2822 1058 2872 castra
1098 2815 1373 2871 Romana
1414 2811 1680 2873 inviolati
1722 2813 2037 2873 redierunt.
2125 2813 2487 2874 Samnitibus

508 2928 615 2987 pro
638 2908 890 2986 superba
919 2927 1066 2985 pace
1096 2907 1538 2968 infestissimum
1561 2908 1938 2969 cernentibus
1968 2920 2235 2970 renatum
2265 2910 2485 2971 bellum

457 3026 484 3061 2
509 3005 725 3079 omnia,
772 3023 924 3082 quae
965 3003 1185 3065 deinde
1227 3015 1566 3078 evenerunt,
1610 3024 1734 3064 non
1776 3004 1837 3063 in
1878 3005 2091 3066 animis
2139 3008 2331 3066 solum
2381 3009 2487 3066 s'ed

509 3122 693 3180 prope
735 3102 796 3161 in
839 3100 1025 3161 oculis
1070 3120 1215 3173 esse,
1259 3111 1319 3160 et
1361 3120 1492 3161 sero
1525 3117 1604 3160 'ac
1647 3101 2009 3179 nequiquam
2051 3105 2289 3165 laudare
2330 3102 2485 3163 senis

512 3198 709 3258 Pontii
763 3208 1011 3273 utraque
1060 3195 1317 3269 consilia,
1372 3196 1525 3256 inter
1571 3217 1725 3274 quae
1781 3217 1844 3259 se
1894 3199 2090 3259 media
2145 3202 2339 3279 lapsos
2386 3200 2485 3259 via

508 3295 785 3357 victoriae
823 3294 1260 3372 possessionem
1297 3313 1444 3371 pace
1483 3293 1705 3354 incerta
1740 3305 1998 3356 mutasse
2031 3307 2091 3355 et
2129 3295 2401 3358 beneficii
2429 3308 2489 3357 et

511 3392 784 3453 maleficii
813 3390 1127 3451 occasione
1160 3390 1375 3450 amissa
1413 3402 1773 3468 pugnaturos
1802 3411 1939 3454 cum
1974 3392 2080 3466 eiS,
2107 3412 2258 3469 quos
2286 3405 2490 3469 potue-

510 3491 624 3550 rint
665 3489 726 3548 in
768 3498 1117 3566 perpetuum
1159 3489 1252 3545 vel
1300 3486 1573 3547 inimicos
1622 3490 1826 3548 tollere
1865 3490 1959 3547 vel
2006 3487 2230 3547 amicos
2276 3489 2477 3547 facere.

461 3612 487 3659 3
511 3588 781 3662 adeoque
801 3584 1113 3643 nullodum
1131 3583 1450 3642 certamine
1473 3583 1764 3644 inclinatis
1772 3583 1991 3642 viribus
2008 3592 2142 3660 post
2151 3582 2485 3644 Caudinam
