2909 4381
1323 283 1393 340 T.
1443 282 1621 341 LIVI

400 462 455 498 11
479 443 837 518 adsequitur.
927 453 1166 521 postero
1215 443 1313 504 die
1361 445 1495 504 luce
1540 444 1727 521 prima
1772 445 1906 523 iuga
1958 445 2198 507 Ciminii
2249 444 2469 505 montis

481 539 736 598 tenebat,
826 540 966 599 inde
995 542 1432 617 contemplatus
1473 543 1754 617 opulenta
1787 541 2052 601 Etruriae
2080 561 2218 601 arva
2253 541 2467 600 milites

398 663 452 698 12
480 636 710 696 emittit.
797 637 1020 715 ingenti
1056 637 1175 697 iam
1211 639 1422 697 abacta
1449 640 1670 715 praeda
1703 639 2117 699 tumultuariae
2152 638 2467 716 agrestium

482 736 865 794 Etruscorum
915 737 1189 796 cohortes
1241 745 1485 813 repente
1532 755 1569 795 a
1617 735 1982 814 principibus
2034 736 2286 814 regionis
2342 735 2468 795 eius

480 834 810 893 concitatae
830 833 1119 893 Romanis
1139 844 1456 894 occurrunt
1472 834 1626 894 adeo
1645 833 2092 911 incompositae,
2119 845 2185 894 ut
2201 833 2468 893 vindices
2523 892 2529 897 .

398 952 454 1000 13
480 931 828 1007 praedarum
859 952 1043 1009 prope
1066 930 1178 1009 ipsi
1207 933 1463 1009 praedae
1492 931 1721 991 fuerint.
1809 931 1994 991 caesis
2017 931 2348 1008 fugatisque
2377 929 2464 1002 iis,

480 1027 596 1085 late
635 1028 999 1104 depopulato
1037 1048 1177 1106 agro
1220 1028 1405 1089 victor
1451 1031 1760 1089 Romanus
1796 1031 2233 1106 opulentusque
2275 1047 2466 1087 rerum

396 1151 458 1201 14
482 1124 749 1184 omnium
802 1127 975 1203 copia
1023 1126 1086 1185 in
1131 1137 1319 1186 castra
1374 1126 1565 1186 rediit.
1652 1146 1724 1186 eo
1774 1127 1922 1186 forte
1980 1125 2243 1203 quinque
2293 1124 2467 1201 legati

480 1241 615 1280 cum
665 1222 900 1282 duobus
951 1222 1199 1282 tribunis
1244 1222 1433 1300 plebis
1490 1234 1770 1282 venerant
1815 1223 2229 1282 denuntiatum
2281 1220 2467 1280 Fabio

480 1330 718 1380 senatus
787 1320 997 1394 verbiS,
1063 1341 1140 1380 ne
1209 1322 1423 1379 saltum
1495 1319 1821 1381 Ciminium
1884 1319 2167 1379 transiret.
2271 1316 2468 1377 laetati

481 1417 663 1477 serius
698 1438 778 1491 se,
818 1438 998 1495 quam
1029 1429 1094 1478 ut
1122 1417 1410 1496 impedire
1440 1418 1663 1477 bellum
1694 1427 1955 1492 possent,
1987 1415 2235 1488 venisse,
2277 1414 2468 1474 nuntii

480 1511 759 1571 victoriae
791 1513 1049 1570 Romam
1078 1521 1463 1572 revertuntur.

373 1621 458 1688 37
570 1611 707 1669 Hac
749 1607 1126 1686 expeditione
1169 1606 1428 1668 consulis
1473 1617 1702 1667 motum
1746 1606 1918 1668 latius
1961 1617 2083 1667 erat
2125 1626 2305 1684 quam
2340 1627 2468 1683 pro-

480 1706 743 1783 fligatum
788 1705 1049 1778 bellum3
1093 1704 1480 1765 vastationem
1516 1724 1777 1781 namque
1815 1703 1926 1765 sub
1967 1703 2210 1766 Ciminii
2249 1704 2467 1764 montis

478 1803 773 1864 radicibus
831 1802 1028 1863 iacens
1079 1822 1180 1863 ora
1229 1814 1510 1877 senserat,
1560 1801 2013 1880 conciveratque
2062 1801 2467 1879 indignatione

425 1927 450 1961 2
478 1920 602 1960 non
633 1898 899 1959 Etruriae
943 1899 1127 1959 modo
1166 1900 1420 1977 populos
1452 1899 1559 1958 sed
1590 1898 1878 1958 Umbriae
1918 1898 2180 1959 finitima.
2268 1898 2467 1976 itaque

478 2007 733 2074 quantus
783 2016 906 2056 non
958 2014 1243 2072 umquam
1293 2004 1470 2053 antea
1511 1992 1797 2054 exercitus
1840 1994 1917 2053 ad
1967 1995 2228 2054 Sutrium
2270 1995 2431 2054 venit
2450 2019 2468 2069 3

483 2113 673 2171 neque
736 2111 770 2153 e
825 2091 984 2152 silvis
1049 2091 1467 2150 tantummodo
1524 2099 1797 2166 promota
1859 2100 2063 2160 castra,
2120 2091 2226 2150 sed
2289 2091 2466 2150 etiam

479 2190 756 2252 aviditate
792 2187 1116 2251 dimicandi
1157 2207 1336 2266 quam
1372 2185 1631 2265 primum
1674 2185 1737 2246 in
1770 2206 2013 2264 campos
2057 2188 2253 2248 delata
2290 2189 2461 2248 acies

427 2315 454 2362 3
480 2290 699 2351 deinde
754 2288 1039 2348 instructa
1093 2286 1286 2364 primo
1352 2304 1464 2345 suo
1521 2296 1672 2345 stare
1727 2287 1877 2356 loco,
1938 2285 2141 2345 relicto
2197 2286 2467 2346 hostibus

478 2388 556 2446 ad
599 2386 1009 2444 instruendum
1052 2393 1257 2443 contra
1300 2381 1528 2460 spati03
1577 2380 1734 2454 dein,
1780 2392 2094 2458 postquam
2144 2384 2468 2445 detractare

424 2509 456 2557 4
481 2485 716 2542 hostem
748 2499 980 2541 sensere
1009 2498 1285 2558 pugnam,
1318 2479 1397 2538 ad
1426 2477 1644 2536 vallum
1667 2476 1939 2536 subeunt.
2018 2478 2122 2537 ubi
2150 2492 2464 2557 postquam

481 2579 764 2640 stationes
794 2597 1035 2655 quoque
1069 2585 1333 2653 receptas
1369 2574 1522 2633 intra
1557 2572 1925 2633 munimenta
1963 2594 2212 2649 sensere,
2245 2580 2467 2639 clamor

479 2690 721 2756 repente
763 2676 918 2737 circa
956 2677 1139 2736 duces
1180 2684 1357 2746 ortuS,
1397 2682 1463 2731 ut
1505 2691 1578 2731 eo
1621 2670 1734 2730 sibi
1766 2690 1801 2730 e
1843 2670 2046 2731 castris
2089 2674 2309 2733 cibaria
2342 2676 2467 2736 eius

479 2776 576 2836 die
615 2774 825 2835 deferri
866 2773 1170 2832 iuberent:
1222 2790 1530 2830 mansuros
1569 2789 1633 2829 se
1677 2767 1789 2827 sub
1831 2768 2007 2829 armis
2049 2781 2108 2830 et
2149 2783 2249 2831 aut
2292 2786 2468 2835 nocte

430 2895 458 2945 5
481 2883 582 2931 aut
637 2881 793 2930 certe
858 2872 990 2928 luce
1045 2868 1234 2945 prima
1289 2878 1479 2926 castra
1534 2865 1793 2926 hostium
1857 2865 2177 2927 invasuros.
2282 2870 2467 2931 nihilo

482 2967 734 3045 quietior
809 2968 1120 3024 Romanus
1197 2964 1484 3025 exercitus
1555 2962 1803 3040 imperio
1872 2963 2040 3023 ducis
2117 2967 2465 3028 continetur.

485 3065 715 3125 decima
778 3075 899 3124 erat
956 3065 1074 3121 fere
1130 3061 1249 3121 diei
1313 3063 1474 3134 hora,
1536 3080 1673 3120 cum
1729 3060 1930 3119 cibum
1995 3081 2204 3139 capere
2259 3070 2466 3126 consul

484 3161 696 3221 milites
739 3159 939 3234 iubet;
988 3157 1285 3236 praecipit,
1329 3167 1394 3215 ut
1435 3156 1497 3215 in
1541 3156 1715 3215 armis
1755 3158 1886 3228 sint,
1934 3176 2310 3237 quacumque
2349 3162 2465 3222 diei

429 3275 461 3324 6
485 3257 749 3319 noctisve
794 3259 939 3316 hora
988 3255 1220 3332 signum
1267 3252 1499 3313 dederit
1517 3273 1535 3326 ,-
1589 3251 1791 3329 paucis
1849 3252 2061 3313 milites
2110 3257 2463 3333 adloquitur,

485 3354 837 3417 Samnitium
869 3354 1023 3413 bella
1053 3351 1293 3424 extollit,
1326 3353 1516 3420 elevat
1547 3351 1828 3409 Etruscos
1847 3371 1865 3423 3
1906 3369 2017 3410 nec
2046 3353 2280 3412 hostem
2309 3356 2465 3415 hosti

486 3472 595 3513 nec
625 3449 1068 3510 multitudinem
1098 3445 1463 3507 multitudini
1492 3448 1954 3522 comparandam
1982 3449 2064 3506 ait
2085 3470 2102 3521 ς
2143 3468 2272 3510 esse
2305 3472 2466 3528 prae-

485 3552 641 3610 terea
688 3549 872 3608 telum
916 3546 1077 3605 aliud
1105 3546 1454 3617 occultum3
1503 3541 1749 3602 scituros
1791 3541 1851 3600 in
1895 3553 2197 3620 tempore;
2245 3546 2466 3609 interea

438 3643 668 3718 7taceri
716 3662 866 3720 opus
915 3660 1061 3702 esse.
1146 3640 1238 3699 his
1279 3637 1630 3715 ambagibus
1673 3637 1845 3714 prodi
1888 3638 2203 3701 simulabat
2245 3644 2461 3719 hostes,

2887 3899 2906 3960 ,αι
2886 3575 2909 3854 ,Ἴτην-ὦ
2887 3421 2900 3546 --η-,ιωμ-ψ
2891 3337 2898 3350 ..
