2909 4381
707 269 814 326 AB
859 268 1085 326 VRBE
1130 267 1520 328 CONDITA
1563 270 1721 328 ΜΒ.
1767 270 1873 327 ῙΧ.
1922 271 2117 341 44-46

425 432 628 508 lesque
677 431 858 490 ambo
908 433 985 491 ad
1036 449 1259 490 novum
1305 429 1555 507 profecti
1599 430 1822 489 bellum
1872 440 2151 507 quattuor
2188 428 2349 488 milia
2381 448 2419 488 a

424 528 628 587 castris
656 528 918 588 hostium
959 531 1373 589 consederunt.
1465 532 1812 605 Aequorum
1837 527 2160 613 ,exercitus
2207 538 2272 586 ut
2314 525 2417 603 qui
2446 551 2505 586 10

424 645 533 684 suo
574 624 816 685 nomine
852 628 1176 703 permultos
1204 645 1395 685 annos
1426 625 1698 686 imbelles
1727 625 2000 702 egissent,
2034 623 2418 684 tumultuario

424 721 645 795 similis,
686 722 814 782 sine
857 723 1110 783 ducibus
1151 723 1340 794 certi8‚
1386 723 1515 782 sine
1562 723 1827 800 imperiO,
1873 722 2179 799 trepidare.
2268 722 2417 781 alius
2444 742 2498 778 11

423 822 760 880 exeundum
792 823 852 879 in
880 821 1089 893 aciem,
1119 820 1219 879 alii
1249 831 1438 880 castra
1474 822 1697 881 tuenda
1736 831 2019 895 censent;
2064 832 2262 880 movet
2292 822 2415 897 ple-

424 938 637 995 rosque
683 918 930 978 vastatio
981 921 1176 979 futura
1218 939 1494 996 agrorum
1538 939 1609 978 ac
1654 917 1937 995 deinceps
1994 937 2132 977 cum
2189 918 2417 977 levibus

423 1015 727 1092 praesidiis
756 1015 993 1075 urbium
1022 1015 1355 1075 relictarum
1386 1014 1616 1076 excidia
1640 1037 1658 1089 3
1698 1014 1898 1091 itaque
1927 1026 2244 1092 postquam
2267 1013 2418 1073 inter
2446 1041 2501 1076 12

426 1115 639 1172 multas
683 1112 1006 1172 sententias
1050 1133 1184 1186 una,
1232 1133 1386 1190 quae
1429 1112 1649 1172 omissa
1690 1132 1831 1172 cura
1877 1111 2288 1172 communium
2338 1112 2416 1170 ad

423 1222 755 1286 respectum
803 1230 1040 1270 suarum
1090 1231 1390 1288 quemque
1445 1230 1640 1270 rerum
1685 1210 1871 1282 vertit,
1931 1220 2021 1270 est
2075 1211 2294 1281 audita,
2352 1218 2417 1268 ut
2447 1228 2506 1276 13

424 1306 612 1382 prima
653 1306 848 1383 vigilia
890 1306 1104 1366 diversi
1146 1327 1181 1367 e
1226 1307 1429 1367 castris
1472 1309 1550 1367 ad
1594 1308 1963 1384 deportanda
2004 1307 2207 1366 omnia
2255 1317 2419 1364 tuen-

425 1405 651 1478 dasque
708 1405 1022 1463 moenibus
1080 1404 1255 1463 urbes
1309 1404 1559 1477 abirent,
1617 1404 1817 1464 cuncti
1873 1423 2004 1464 eam
2063 1402 2418 1463 sententiam

424 1499 649 1577 ingenti
676 1503 935 1561 adsensu
966 1520 1265 1578 accepere.
1351 1501 1563 1579 palatis
1593 1502 1865 1561 hostibus
1896 1521 2002 1578 per
2027 1520 2198 1578 agros
2228 1499 2420 1577 prima
2445 1518 2504 1566 14

423 1600 557 1656 luce
588 1597 848 1657 Romani
878 1597 1057 1674 signis
1087 1597 1327 1674 prolatis
1363 1600 1425 1657 in
1465 1598 1592 1658 acie
1631 1599 1966 1658 consistunt
1995 1609 2071 1671 et,
2105 1597 2209 1657 ubi
2237 1617 2419 1657 nemo

426 1694 634 1755 obvius
663 1695 804 1767 ibat,
837 1697 1017 1771 pleno
1055 1696 1241 1770 gradu
1283 1695 1359 1753 ad
1395 1705 1585 1753 castra
1618 1694 1880 1753 hostium
1911 1695 2179 1753 tendunt.
2267 1704 2419 1752 cete·
2447 1712 2503 1761 15

427 1811 553 1850 rum
585 1801 904 1868 postquam
933 1790 1017 1849 ibi
1045 1809 1242 1866 neque
1271 1791 1556 1849 stationes
1586 1810 1693 1867 pro
1721 1789 1903 1866 portis
1923 1809 2035 1850 nec
2054 1810 2417 1867 quemquam

427 1887 488 1946 in
530 1891 685 1947 vallo
728 1907 839 1947 nec
882 1887 1181 1947 fremitum
1224 1897 1577 1947 consuetum
1621 1898 1945 1947 castrorum
1996 1886 2418 1947 animadverte-

426 1996 576 2058 runt,
638 1984 878 2045 insolito
936 1984 1172 2046 silentio
1228 1985 1375 2046 moti
1434 1996 1598 2045 metu
1663 1985 2010 2046 insidiarum
2070 1984 2412 2045 subsistunt.

426 2083 767 2160 transgressi
810 2082 1030 2144 deinde
1072 2086 1291 2144 vallum
1335 2104 1474 2144 cum
1516 2086 1749 2146 deserta
1792 2084 1993 2145 omnia
2035 2084 2412 2156 invenissent,
2443 2082 2503 2133 16

426 2192 676 2259 pergunt
705 2182 940 2241 hostem
968 2180 1226 2258 vestigiis
1257 2182 1440 2258 sequi.
1511 2184 1616 2243 sed
1637 2181 1879 2260 vestigia
1901 2182 1960 2242 in
1991 2203 2199 2243 omnes
2229 2202 2417 2258 aeque

427 2278 673 2339 ferentia
699 2290 910 2356 parteS,
942 2290 1009 2338 ut
1050 2279 1110 2337 in
1154 2278 1395 2357 dilapsis
1439 2280 1676 2355 passim,
1722 2280 1911 2358 prima
1953 2300 2206 2341 errorem
2251 2279 2421 2339 facie-

431 2376 604 2447 bant3
648 2385 784 2452 post
818 2394 923 2452 per
957 2378 1352 2452 exploratores
1387 2376 1708 2453 compertis
1751 2376 2012 2437 hostium
2051 2376 2311 2437 consiliis
2339 2377 2418 2436 ad
2448 2391 2505 2446 17

429 2471 685 2549 singulas
715 2471 891 2532 urbes
920 2471 1392 2533 circumferendo
1431 2472 1591 2532 bello
1631 2493 1817 2533 unum
1848 2485 1907 2533 et
1936 2473 2170 2551 triginta
2199 2472 2420 2550 oppida

428 2570 580 2630 intra
621 2569 748 2629 dies
790 2569 1219 2647 quinquaginta
1257 2570 1460 2629 omnia
1499 2573 1903 2648 oppugnando
1946 2581 2245 2648 ceperunt,
2279 2589 2422 2645 quo-

430 2687 560 2727 rum
602 2668 883 2744 pleraque
925 2666 1119 2725 diruta
1160 2677 1340 2743 atque
1382 2666 1642 2739 incensa,
1688 2687 2030 2743 nomenque
2072 2670 2419 2743 Aequorum

431 2784 615 2841 prope
642 2764 720 2823 ad
749 2763 1215 2823 internecionem
1245 2766 1528 2824 deletum.
1614 2765 1694 2824 de
1709 2764 1935 2840 Aequis
1955 2764 2380 2842 triumphatum
2402 2787 2419 2840 3
2449 2770 2508 2820 18

431 2863 824 2938 exemploque
846 2880 1052 2920 eorum
1075 2862 1274 2921 clades
1304 2861 1428 2933 fuit,
1457 2872 1522 2920 ut
1549 2862 1884 2935 Marrucini,
1910 2862 2109 2934 Marsi,
2139 2862 2417 2939 Paeligni,

434 2957 711 3018 Frentani
758 2956 1054 3018 mitterent
1107 2960 1364 3018 Romam
1413 2969 1671 3019 oratores
1729 2960 1889 3037 pacis
1935 2961 2227 3037 petendae
2282 2960 2423 3020 ami-

433 3055 740 3132 citiaeque.
830 3053 919 3113 his
948 3055 1182 3131 populis
1214 3057 1424 3115 foedus
1454 3056 1793 3133 petentibus
1822 3059 2044 3117 datum.

515 3155 747 3214 Eodem
790 3171 950 3211 anno
992 3152 1107 3213 Cn.
1152 3152 1386 3212 Flavius
1430 3153 1641 3228 scriba,
1683 3164 1846 3230 patre
1888 3153 2163 3215 libertino
2209 3154 2418 3215 humili
2437 3144 2534 3226 46

436 3253 670 3309 fortuna
726 3259 903 3321 ortuS,
965 3259 1226 3309 ceterum
1284 3249 1533 3310 callidus
1589 3249 1674 3309 vir
1734 3261 1793 3310 et
1848 3252 2154 3323 facunduS‚
2213 3251 2419 3311 aedilis

437 3347 651 3406 curulis
701 3346 825 3406 fuit.
909 3345 1148 3406 invenio
1189 3345 1250 3404 in
1296 3346 1654 3423 quibusdam
1696 3347 2023 3420 annalibuS,
2070 3369 2205 3407 cum
2249 3368 2424 3425 appa·
2452 3369 2476 3403 2

441 3454 589 3503 reret
632 3442 922 3503 aedilibus
965 3442 1209 3520 fierique
1252 3463 1315 3502 se
1358 3463 1466 3520 pro
1506 3443 1662 3503 tribu
1691 3444 1944 3504 aedilem
1973 3444 2199 3506 videret
2230 3465 2424 3523 neque

440 3539 627 3616 accipi
669 3560 905 3612 nomen,
953 3539 1093 3616 quia
1135 3539 1416 3617 scriptum
1462 3543 1694 3614 faceret,
1748 3542 2010 3602 tabulam
2056 3545 2322 3618 posuisse
2367 3554 2425 3602 et

442 3638 661 3698 iurasse
707 3658 769 3696 se
821 3638 1101 3713 scriptum
1152 3658 1276 3698 non
1326 3641 1616 3698 facturum
1639 3660 1655 3711 3
1713 3659 1891 3715 quem
1937 3639 2240 3714 aliquanto
2288 3651 2425 3700 ante
2451 3656 2479 3704 3

445 3734 665 3795 desisse
696 3735 978 3811 scriptum
1008 3737 1198 3795 facere
1227 3735 1416 3811 arguit
1435 3738 1640 3795 Macer
1672 3735 1931 3794 Licinius
1962 3735 2259 3794 tribunatu
2288 3747 2425 3796 ante
