2909 4381
774 285 883 342 AB
928 284 1155 342 VRBE
1201 283 1592 344 CONDITA
1633 285 1788 343 LIB.
1837 285 1942 343 IX.
1992 304 2068 360 34
2130 312 2137 319 ·

427 446 704 524 contagio
746 446 889 520 eiUS,
936 448 1099 524 quod
1142 447 1462 522 quaerebat
1512 446 1656 523 ipse,
1702 446 1960 513 criminis
2005 448 2298 509 obiectata
2338 451 2415 509 ab

427 544 683 604 inimicis
725 555 831 617 est,
876 555 942 604 ut
983 543 1241 621 privatus
1285 543 1524 604 obviam
1573 544 1682 604 iret
1723 544 1972 618 crimini,
2018 545 2307 606 dictatura
2353 567 2416 606 se

425 641 739 702 abdicavit.
825 642 968 701 nolo
1009 660 1121 718 ego
1162 640 1335 700 istam
1376 640 1437 700 in
1467 651 1527 701 te
1562 642 1954 718 modestiam3
1995 664 2072 703 ne
2101 646 2414 722 degenera·
2444 663 2500 714 15

424 741 573 800 veris
622 759 659 798 a
700 739 920 799 familia
970 736 1450 815 imperiosissima
1498 749 1559 799 et
1607 740 2063 816 superbissima3
2127 762 2250 802 non
2299 741 2412 815 die,

426 858 548 898 non
612 840 758 898 hora
815 837 1006 909 citiuS,
1067 856 1248 913 quam
1311 855 1556 897 necesse
1618 847 1724 911 est,
1785 838 2123 915 magistratu
2183 841 2414 914 abieriS,

427 936 610 995 modo
652 954 730 994 ne
771 938 1021 995 excedas
1064 934 1297 995 finitum
1339 944 1594 1012 tempus.
1684 934 1823 994 satis
1867 946 1956 995 est
1989 947 2091 995 aut
2127 937 2285 997 diem
2315 950 2418 998 aut
2447 948 2505 998 16

428 1052 693 1092 mensem
723 1052 1005 1093 censurae
1034 1032 1312 1094 adicere?
1353 1031 1691 1103 triennium,
1724 1030 1933 1108 inquit,
1965 1043 2024 1092 et
2052 1053 2154 1093 sex
2183 1054 2416 1095 menses

426 1131 592 1203 ultra,
638 1149 819 1206 quam
860 1132 999 1190 licet
1041 1129 1298 1190 Aemilia
1339 1132 1486 1207 lege,
1532 1148 1843 1188 censuram
1885 1149 2083 1206 geram
2133 1142 2194 1191 et
2235 1134 2413 1192 soluS.

426 1227 542 1286 hoc
571 1226 815 1303 quidem
843 1226 962 1286 iam
990 1246 1172 1304 regno
1201 1225 1392 1286 simile
1426 1237 1533 1286 est.
1619 1245 1697 1285 an
1726 1228 2016 1303 collegam
2047 1228 2410 1306 subrogabis,
2445 1248 2503 1302 17

426 1344 607 1402 quem
652 1343 730 1385 ne
779 1323 841 1382 in
891 1323 1187 1385 demortui
1236 1323 1482 1401 quidem
1530 1326 1731 1384 locum
1782 1324 2085 1403 subrogari
2141 1325 2228 1386 fas
2284 1330 2418 1387 est?

427 1421 686 1498 paenitet
721 1421 897 1493 enim,
945 1422 1110 1498 quod
1147 1420 1627 1497 antiquissimum
1670 1423 1959 1482 sollemne
2001 1432 2060 1482 et
2103 1425 2295 1483 solum
2337 1425 2414 1483 ab
2445 1433 2501 1480 18

427 1517 574 1595 ipso,
606 1518 702 1577 cui
730 1519 813 1592 fit,
845 1518 1179 1578 institutum
1220 1519 1341 1578 deo
1372 1518 1450 1578 ab
1480 1509 1863 1578 nobilissimis
1899 1518 2259 1580 antistitibus
2288 1520 2413 1580 eius

427 1617 575 1677 sacri
615 1619 694 1678 ad
736 1636 1037 1678 servorum
1081 1617 1470 1677 ministerium
1514 1616 1820 1693 religiosus
1861 1637 2072 1678 censor
2100 1620 2411 1691 deduxisti,

426 1735 571 1794 gens
631 1715 928 1793 antiquior
988 1714 1310 1792 originibus
1366 1713 1528 1772 urbis
1596 1712 1787 1785 huiuS,
1848 1713 2106 1790 hospitio
2168 1716 2414 1775 deorum
2445 1739 2502 1789 19

428 1811 828 1873 inmortalium
885 1821 1104 1885 sancta,
1163 1821 1401 1887 propter
1457 1820 1517 1870 te
1567 1829 1638 1869 ac
1694 1820 1856 1869 tuam
1907 1830 2218 1870 censuram
2267 1813 2418 1870 intra

427 1930 653 1971 annum
680 1909 758 1970 ab
788 1909 966 1986 stirpe
995 1907 1282 1969 exstincta
1308 1919 1412 1980 est,
1446 1906 1560 1966 nisi
1598 1907 1930 1968 universam
1960 1928 2084 1968 rem
2113 1908 2414 1986 publicam

429 2029 503 2069 eo
553 2006 776 2068 nefario
832 2005 1226 2079 obstrinxeriS,
1312 2006 1479 2083 quod
1534 2004 1784 2066 ominari
1839 2005 2018 2066 etiam
2075 2005 2416 2067 reformidat

428 2107 678 2167 animus,
766 2107 904 2165 urbs
947 2125 1021 2166 eo
1062 2108 1247 2165 lustro
1289 2114 1465 2182 capta
1500 2112 1605 2175 est,
1638 2123 1760 2181 quo
1795 2105 2108 2166 demortuo
2139 2102 2415 2185 [collega]
2445 2134 2507 2168 2ο

431 2209 498 2268 C.
535 2205 691 2266 Iulio
733 2223 977 2264 censore
1022 2207 1086 2264 L.
1122 2202 1387 2281 Papirius
1432 2204 1674 2277 Cursor,
1709 2222 1787 2263 ne
1827 2203 2013 2263 abiret
2056 2203 2414 2281 magistratu,

433 2305 519 2363 M.
579 2301 923 2364 Cornelium
994 2300 1473 2378 Maluginensem
1542 2302 1830 2377 collegam
1893 2301 2247 2379 subrogavit.
2360 2311 2419 2361 et
2448 2322 2502 2358 21

431 2410 656 2478 quanto
686 2398 1009 2459 modestior
1037 2398 1191 2458 illius
1220 2399 1516 2476 cupiditas
1545 2397 1656 2458 fuit
1691 2418 1871 2476 quam
1911 2409 2029 2472 tua,
2062 2401 2219 2476 Appi
2238 2401 2267 2458 ?
2307 2419 2420 2459 nec

431 2500 591 2558 solus
633 2515 746 2557 nec
783 2499 935 2556 ultra
977 2494 1210 2555 finitum
1256 2498 1385 2574 lege
1423 2507 1659 2573 tempus
1699 2498 1768 2556 L.
1802 2496 2068 2573 Papirius
2108 2517 2418 2557 censuram

430 2593 647 2673 gessit3
702 2604 903 2653 tamen
952 2592 1254 2652 neminem
1299 2593 1542 2666 invenit,
1595 2592 1699 2669 qui
1748 2612 1811 2652 se
1860 2603 2068 2669 postea
2115 2603 2418 2652 auctorem

431 2702 810 2769 sequeretur;
852 2709 1059 2749 omnes
1089 2689 1372 2767 deinceps
1402 2708 1677 2748 censores
1713 2699 1849 2764 post
1877 2700 2128 2749 mortem
2158 2691 2419 2765 collegae

433 2810 496 2851 se
525 2788 865 2866 magistratu
894 2785 1261 2846 abdicarunt.
1347 2796 1407 2846 te
1444 2806 1558 2845 nec
1598 2786 1763 2862 quod
1791 2784 1919 2846 dies
1948 2786 2087 2846 exiit
2116 2807 2417 2861 censurae,
2447 2814 2504 2847 22

432 2907 543 2946 nec
566 2886 730 2962 quod
759 2886 986 2960 collega
1006 2881 1346 2959 magistratu
1373 2882 1537 2955 abiit,
1559 2901 1671 2943 nec
1699 2884 1793 2942 lex
1814 2901 1926 2942 nec
1947 2885 2141 2959 pudor
2159 2897 2417 2945 coercet:

432 2982 704 3042 virtutem
760 2981 824 3040 in
880 2979 1170 3057 superbia,
1220 2979 1283 3038 in
1336 2978 1600 3052 audacia,
1648 2978 1711 3038 in
1766 2991 2115 3057 contemptu
2171 2984 2419 3042 deorum

433 3079 865 3154 hominumque
908 3075 1097 3153 ponis,
1181 3094 1292 3152 ego
1334 3085 1409 3149 te,
1451 3080 1567 3154 Ap.
1610 3076 1842 3151 Claudi,
1884 3096 1992 3153 pro
2034 3076 2199 3137 istius
2243 3079 2421 3156 magi·
2447 3110 2470 3144 2
2480 3107 2509 3156 3

434 3187 645 3236 stratus
689 3173 995 3234 maiestate
1035 3191 1106 3231 ac
1148 3172 1520 3245 verecundia,
1563 3192 1741 3249 quem
1784 3172 2031 3250 gessisti,
2069 3194 2192 3234 non
2235 3177 2418 3236 modo

435 3292 615 3333 manu
657 3271 957 3343 violatum,
1004 3271 1110 3330 sed
1151 3288 1228 3329 ne
1269 3269 1452 3330 verbo
1495 3269 1736 3346 quidem
1782 3269 2214 3332 inclementiori
2248 3292 2285 3331 a
2322 3291 2418 3333 me

434 3372 795 3449 appellatum
824 3371 1036 3429 vellem
1055 3390 1074 3443 3
1116 3368 1221 3427 sed
1251 3376 1310 3427 et
1338 3369 1502 3440 haec,
1537 3385 1689 3444 quae
1725 3369 1923 3428 adhuc
1951 3368 2060 3445 egi,
2092 3370 2418 3447 pervicacia
2448 3397 2506 3445 24

437 3477 538 3527 tua
559 3477 618 3526 et
639 3465 912 3543 superbia
933 3463 1125 3542 coegit
1148 3483 1244 3524 me
1262 3464 1442 3541 loqui,
1466 3475 1541 3538 et,
1564 3463 1677 3523 nisi
1699 3464 1989 3526 Aemiliae
2006 3466 2120 3543 legi
2139 3468 2413 3545 parueris,

438 3565 499 3623 in
521 3564 755 3622 vincula
775 3562 914 3622 duci
936 3560 1158 3622 iubebo
1181 3580 1309 3634 nee,
1334 3581 1474 3621 cum
1495 3561 1577 3622 ita
1599 3573 2004 3639 comparatum
2028 3583 2064 3621 a
2093 3563 2414 3624 maioribus
2444 3582 2503 3630 25

438 3661 528 3735 sit,
558 3670 626 3721 ut
653 3658 904 3719 comitiis
933 3659 1227 3730 censoriis,
1253 3658 1365 3718 nisi
1396 3660 1519 3719 duo
1541 3659 1901 3719 confecerint
1928 3662 2190 3736 legitima
2217 3663 2410 3721 suffra-
