2909 4381
721 256 823 313 AB
867 256 1095 313 VRBE
1140 254 1532 314 CONDITA
1574 255 1732 314 LIB.
1785 256 1891 313 IX.
1944 258 2137 330 28-30

431 433 594 492 genS,
637 419 806 475 cuius
839 416 918 475 ad
951 435 1112 475 aram
1151 416 1470 474 maximam
1516 415 1795 474 Herculis
1834 415 2117 475 familiare
2155 415 2422 475 sacerdo-

434 512 582 573 tium
639 514 842 587 fuerat,
904 533 1102 573 servos
1158 512 1430 590 publicos
1502 511 1809 572 ministerii
1875 511 2187 589 delegandi
2243 531 2423 572 causa

433 610 743 669 sollemnia
785 610 910 671 eius
952 610 1099 670 sacri
1142 612 1484 670 docuerant.
1571 609 1817 669 traditur
1857 609 2014 681 inde,
2054 609 2218 670 dictu
2256 608 2423 668 mira·
2452 626 2512 661 10

434 707 553 767 bile
581 718 641 767 et
669 710 834 785 quod
868 708 1257 769 demovendis
1292 717 1448 767 statu
1488 727 1598 768 suo
1640 707 1816 767 sacris
1855 707 2198 783 religionem
2230 708 2424 767 facere

433 816 649 883 posset,
684 825 839 866 cum
895 807 1215 865 duodecim
1265 804 1522 864 familiae
1570 824 1641 864 ea
1676 814 2027 882 tempestate
2071 803 2424 864 Potitiorum

434 913 646 975 essent,
684 903 938 980 puberes
980 905 1059 962 ad
1101 902 1352 980 triginta,
1384 921 1593 962 omnes
1632 901 1786 961 intra
1822 922 2046 961 annum
2076 921 2214 960 cum
2245 900 2425 976 stirpe

434 999 794 1074 exstinctos3
856 1020 969 1060 nec
1019 1020 1241 1060 nomen
1298 1010 1529 1058 tantum
1587 998 1939 1059 Potitiorum
1995 997 2262 1058 interisse
2317 1000 2423 1058 sed
2453 1023 2508 1059 11

434 1117 741 1158 censorem
790 1098 969 1159 etiam
1021 1097 1283 1175 Appium
1332 1096 1583 1157 memori
1637 1098 1817 1157 deum
1866 1096 1952 1155 ira
2006 1107 2141 1173 post
2196 1098 2422 1172 aliquot

431 1215 620 1255 annos
649 1195 972 1256 luminibus
1002 1206 1258 1272 captum.
1347 1194 1547 1272 itaque
1575 1197 1866 1267 consuleS,
1899 1193 2001 1271 qui
2030 1214 2166 1253 eum
2195 1212 2419 1252 annum
2444 1205 2543 1270 30

434 1292 620 1351 secuti
669 1303 823 1366 sunt,
877 1294 946 1354 C.
1002 1291 1208 1351 Iunius
1261 1291 1565 1352 Bubulcus
1611 1291 1848 1352 tertium
1898 1303 1957 1352 et
2007 1293 2082 1366 Q.
2132 1290 2421 1351 Aemilius

436 1389 692 1449 Barbula
718 1389 948 1461 iterum,
990 1388 1159 1449 initio
1193 1388 1334 1449 anni
1371 1389 1567 1465 questi
1604 1391 1764 1466 apud
1806 1390 2096 1466 populum
2135 1390 2424 1448 deforma-

434 1496 560 1545 tum
604 1487 875 1547 ordinem
918 1507 1096 1564 prava
1136 1487 1392 1548 lectione
1429 1497 1684 1560 senatuS,
1731 1507 1849 1564 qua
1890 1486 2150 1564 potiores
2197 1486 2424 1563 aliquot
2451 1510 2477 1544 2

433 1583 599 1642 lectis
637 1583 932 1659 praeteriti
975 1595 1187 1656 essent,
1226 1594 1587 1660 negaverunt
1625 1603 1757 1643 eam
1795 1585 2112 1643 lectionem
2152 1602 2232 1657 se,
2270 1603 2423 1660 quae

434 1679 561 1740 sine
588 1680 732 1740 recti
760 1680 1043 1758 pravique
1071 1679 1409 1740 discrimine
1446 1682 1526 1739 ad
1559 1679 1802 1756 gratiam
1832 1699 1901 1738 ac
1931 1679 2241 1739 libidinem
2270 1682 2425 1740 facta

433 1788 604 1851 esset,
663 1778 1075 1838 observaturos
1140 1788 1199 1836 et
1264 1788 1535 1836 senatum
1602 1777 1899 1850 extemplo
1968 1775 2295 1835 citaverunt
2349 1796 2425 1836 eo

433 1874 656 1947 ordine,
706 1875 808 1953 qui
852 1885 990 1935 ante
1035 1894 1310 1935 censores
1358 1877 1473 1950 Ap.
1528 1871 1846 1934 Claudium
1896 1883 1955 1933 et
2003 1874 2071 1934 C.
2126 1872 2421 1933 Plautium
2507 1904 2512 1911 ι

432 1974 635 2032 fuerat.
723 1983 782 2033 et
820 1975 943 2033 duo
976 1971 1220 2049 imperia
1259 1991 1333 2031 eo
1367 1990 1527 2030 anno
1565 1968 1692 2030 dari
1734 1981 1946 2046 coepta
1979 1989 2084 2046 per
2112 1973 2420 2047 populum,
2448 1988 2478 2037 3

433 2080 680 2146 utraque
729 2069 1083 2147 pertinentia
1129 2070 1208 2128 ad
1256 2089 1381 2128 rem
1428 2067 1780 2128 militarem:
1845 2087 2049 2139 unum,
2096 2078 2161 2126 ut
2202 2066 2423 2127 tribuni

433 2166 687 2228 militum
716 2168 842 2228 seni
873 2167 1013 2229 deni
1049 2170 1110 2228 in
1155 2178 1432 2245 quattuor
1462 2165 1723 2243 legiones
1752 2185 1787 2226 a
1815 2168 2041 2243 populo
2069 2177 2421 2241 crearentur,

434 2285 585 2343 quae
635 2277 809 2327 antea
851 2286 1136 2344 perquam
1186 2265 1390 2341 paucis
1433 2263 1708 2341 suffragio
1757 2263 1963 2341 populi
2012 2263 2228 2324 relictis
2277 2265 2423 2324 locis

432 2361 787 2423 dictatorum
817 2373 876 2424 et
904 2364 1216 2423 consulum
1239 2364 1423 2423 ferme
1445 2363 1675 2422 fuerant
1704 2360 1995 2421 beneficia
2017 2382 2036 2435 3
2076 2363 2261 2422 tulere
2289 2381 2421 2421 eam

432 2460 798 2537 rogationem
827 2460 1047 2521 tribuni
1083 2460 1278 2538 plebei
1323 2463 1388 2520 L.
1432 2459 1665 2532 Atilius,
1699 2460 1768 2521 C.
1808 2458 2069 2518 Marcius
2094 2481 2111 2533 3
2153 2461 2417 2533 alterum,
2443 2479 2476 2528 4

433 2567 499 2617 ut
519 2558 864 2634 duumviros
893 2559 1131 2618 navales
1160 2557 1362 2617 classis
1392 2558 1695 2617 ornandae
1734 2554 2206 2632 reficiendaeque
2244 2576 2423 2616 causa

432 2652 593 2714 idem
624 2657 879 2732 populus
908 2655 1136 2715 iuberet
1160 2675 1177 2728 3
1218 2657 1366 2715 lator
1394 2656 1569 2713 huius
1591 2652 1751 2730 plebi
1780 2651 1911 2712 sciti
1938 2650 2048 2711 fuit
2079 2655 2165 2711 M.
2198 2652 2421 2714 Decius

432 2750 704 2812 tribunus
731 2752 937 2829 plebis.

515 2849 805 2909 Eiusdem
862 2849 1004 2909 anni
1060 2869 1185 2909 rem
1241 2847 1407 2909 dictu
1463 2867 1704 2925 parvam
1773 2845 2166 2923 praeterirem,
2225 2846 2288 2906 ni
2342 2848 2421 2908 ad
2449 2868 2476 2917 5

432 2946 778 3023 religionem
821 2946 947 3007 visa
988 2957 1144 3007 esset
1189 2945 1498 3024 pertinere.
1606 2944 1897 3016 tibicineS,
1951 2944 2091 3021 quia
2138 2944 2423 3022 prohibiti

432 3062 469 3103 a
523 3042 801 3121 proximis
858 3044 1202 3104 censoribus
1259 3053 1425 3103 erant
1481 3042 1542 3101 in
1598 3045 1747 3103 aede
1805 3041 1965 3102 Iovis
2021 3042 2195 3115 vesci,
2242 3045 2420 3119 'quod

432 3143 713 3201 traditum
769 3141 1094 3218 antiquitus
1150 3151 1288 3214 erat,
1346 3160 1519 3217 aegre
1574 3138 1732 3216 passi
1788 3138 1978 3198 Tibur
2021 3159 2144 3199 uno
2185 3140 2421 3216 agmine

433 3237 721 3311 abierunt,
753 3240 907 3298 adeo
949 3250 1014 3299 ut
1054 3258 1235 3298 nemo
1276 3237 1339 3297 in
1381 3238 1528 3297 urbe
1570 3247 1741 3308 esset,
1784 3236 1885 3312 qui
1925 3235 2223 3296 sacrificiis
2261 3258 2422 3315 prae-

433 3335 670 3395 cineret.
758 3335 884 3395 eius
927 3334 1010 3395 rei
1052 3334 1254 3411 religio
1297 3333 1487 3393 tenuit
1530 3344 1819 3405 senatum,
1852 3335 2195 3411 legatosque
2232 3334 2421 3394 Tibur
2444 3351 2477 3401 6

434 3431 736 3503 miserunt,
781 3443 846 3491 ut
887 3434 1097 3493 darent
1138 3451 1395 3509 operam,
1428 3440 1495 3490 ut
1536 3428 1578 3489 ii
1620 3429 1893 3490 homines
1932 3430 2221 3492 Romanis
2264 3431 2422 3492 resti-

435 3540 753 3589 tuerentur.
840 3529 1138 3589 Tiburtini
1182 3528 1438 3605 benigne
1479 3525 1727 3605 polliciti
1769 3526 2026 3604 primum
2064 3528 2288 3590 accitos
2317 3548 2419 3589 eos
2447 3542 2475 3598 7

433 3626 496 3686 in
523 3626 747 3687 curiam
769 3627 996 3688 hortati.
1006 3636 1164 3703 sunt,
1192 3625 1279 3687 uti
1306 3633 1733 3686 reverterentur
1760 3626 2020 3685 Romam
2042 3647 2061 3701 3
2102 3625 2418 3704 postquam
