2909 4381
701 254 809 313 AB
854 254 1078 312 VRBE
1121 254 1515 315 CONDITA·
1553 258 1709 315 LIB.
1760 258 1866 317 IX.
1914 278 2005 335 39,
2051 279 2128 332 40

423 415 713 476 intulisset
735 416 914 493 signa,
942 415 1198 476 turbavit
1218 416 1457 477 ordines
1475 428 1534 477 et
1552 420 1713 479 haud
1736 419 1918 479 dubie
1941 419 2174 497 impulit
2196 421 2401 481 aciem.

424 516 587 590 quod
637 514 741 573 ubi
796 513 979 573 sensit
1023 512 1293 586 dictator,
1345 516 1361 545 ‘
1381 515 1459 574 ab
1514 517 1762 576 laevone
1812 536 1998 577 cornu
2040 518 2283 578 victoria
2325 518 2407 576 in-
2438 543 2497 578 10

423 611 602 689 cipiet
622 614 636 639 '
679 611 886 689 inquit,
939 617 1029 671 ‘et
1072 613 1342 671 dextrum
1374 633 1577 685 cornu,
1610 613 1913 674 dictatoris
1943 615 2117 688 acieS,
2151 616 2408 676 alienam

422 731 680 788 pugnam
719 720 1012 786 sequetur,
1045 729 1168 768 non
1208 719 1434 786 partem
1479 709 1792 770 maximam
1825 710 2102 772 victoriae
2142 715 2330 772 trahet
2352 713 2411 771 ?'

421 809 681 869 concitat
710 807 963 881 milites;
1005 827 1117 867 nec
1151 806 1421 884 peditum
1451 807 1649 866 virtuti
1684 808 1914 885 equites
1952 821 2054 868 aut
2083 812 2409 886 legatorum
2440 832 2492 866 11

422 907 616 968 studia
657 906 911 967 ducibus
955 906 1193 965 cedunt.
1285 907 1371 964 M.
1409 904 1680 965 Valerius
1723 925 1759 965 a
1802 908 2025 980 dextro,
2073 911 2137 966 P.
2189 907 2408 968 Decius
2440 933 2497 968 12

420 1006 498 1065 ab
539 1007 708 1065 laevo
750 1022 953 1075 cornu,
1001 1002 1182 1062 ambo
1229 1003 1589 1075 consulareS,
1631 1003 1709 1061 ad
1755 1002 1984 1078 equites
2027 1002 2089 1062 in
2132 1002 2409 1063 cornibus

421 1102 644 1180 positos
674 1103 1004 1162 evehuntur
1031 1098 1448 1177 adhortatique
1478 1118 1597 1173 θος,
1629 1109 1695 1159 ut
1724 1109 1951 1177 partem
1981 1119 2184 1160 secum
2214 1120 2411 1177 capes-

421 1211 615 1262 serent
657 1197 904 1270 decoriS,
950 1197 1013 1257 in
1054 1208 1385 1258 transversa
1425 1199 1607 1257 latera
1651 1195 1911 1257 hostium
1954 1196 2273 1257 incurrunt.
2361 1198 2410 1258 is
2439 1220 2493 1268 13

421 1318 610 1360 novus
651 1296 890 1357 additus
934 1306 1115 1356 terror
1150 1315 1288 1355 cum
1327 1316 1399 1355 ex
1441 1307 1606 1373 parte
1649 1307 1897 1373 utraque
1942 1295 2411 1357 circumvasisset

420 1396 610 1456 aciem
653 1405 712 1454 et
752 1394 830 1453 ad
875 1404 1155 1453 terrorem
1198 1392 1461 1453 hostium
1504 1392 1766 1470 legiones
1811 1396 2123 1453 Romanae
2160 1393 2411 1454 redinte-

421 1506 586 1572 grato
627 1495 885 1552 clamore
927 1490 1261 1551 intulissent
1302 1492 1567 1568 gradum,
1601 1501 1730 1551 tum
1768 1493 1906 1568 fuga
1942 1492 2019 1552 ab
2047 1491 2411 1552 Samnitibus

421 1602 647 1669 coepta.
719 1589 838 1649 iam
868 1599 1057 1665 strage
1086 1588 1398 1647 hominum
1427 1607 1846 1664 armorumque
1876 1587 2193 1665 insignium
2216 1587 2412 1664 campi
2442 1606 2493 1655 14

421 1687 643 1767 repleri.
729 1707 800 1747 ac
846 1685 1038 1763 primo
1082 1684 1330 1762 pavidos
1380 1684 1676 1744 Samnites
1721 1695 1911 1743 castra
1955 1704 2063 1743 sua
2109 1703 2407 1760 accepere,

422 1787 643 1846 deinde
699 1804 777 1843 ne
833 1803 904 1842 ea
958 1781 1203 1857 quidem
1272 1789 1543 1853 retenta3
1611 1780 1797 1858 captis
1855 1779 2218 1857 direptisque
2273 1791 2411 1840 ante

423 1894 662 1942 noctem
691 1880 942 1941 iniectus
973 1878 1138 1956 ignis.
1228 1876 1482 1938 dictator
1510 1897 1583 1938 ex
1621 1887 1859 1938 senatus
1894 1879 2168 1938 consulto
2212 1876 2409 1936 trium·
2440 1892 2497 1942 15

423 1979 639 2057 phavit,
686 1977 853 2038 cuius
899 1977 1201 2054 triumpho
1251 1978 1428 2053 longe
1485 1975 1803 2034 maximam
1861 1973 2121 2050 speciem
2179 1973 2411 2051 captiva

421 2097 585 2138 arma
631 2076 969 2154 praebuere.
1059 2085 1291 2134 tantum
1333 2072 1808 2150 magnificentiae
1854 2071 2044 2131 visum
2094 2070 2156 2130 in
2203 2070 2289 2145 iis,
2343 2083 2409 2130 ut
2440 2075 2497 2125 16

421 2185 624 2236 aurata
645 2184 813 2235 scuta
832 2171 1092 2235 dominis
1110 2170 1569 2250 argentariorum
1589 2171 1666 2231 ad
1689 2171 1878 2230 forum
1911 2170 2243 2230 ornandum
2266 2168 2407 2230 divi-

423 2276 715 2333 derentur.
803 2270 944 2330 inde
974 2280 1180 2329 natum
1222 2268 1456 2328 initium
1486 2267 1702 2328 dicitur
1730 2267 1840 2328 fori
1869 2266 2119 2328 ornandi
2148 2268 2224 2326 ab
2253 2266 2409 2326 aedi-

422 2369 594 2445 libus,
657 2388 795 2428 cum
865 2379 1068 2428 tensae
1130 2368 1502 2427 ducerentur.
1590 2376 1648 2425 et
1712 2363 1973 2425 Romani
2030 2363 2273 2442 quidem
2329 2365 2406 2423 ad
2438 2379 2498 2432 17

421 2470 711 2528 honorem
760 2468 942 2527 deum
988 2463 1318 2541 insignibus
1367 2463 1543 2523 armis
1588 2462 1850 2522 hostium
1892 2465 1983 2522 usi
2021 2472 2159 2522 sunt
2178 2483 2196 2536 3
2238 2464 2410 2523 Cam-

422 2566 560 2643 pani
620 2566 697 2624 ab
763 2562 1039 2640 superbia
1093 2573 1153 2622 et
1209 2561 1351 2622 odio
1408 2560 1761 2621 Samnitium
1818 2560 2186 2637 gladiatores,
2245 2561 2410 2635 quod

422 2664 824 2741 spectaculum
867 2660 1018 2720 inter
1060 2662 1264 2737 epulas
1305 2668 1445 2730 erat,
1479 2677 1553 2717 eo
1596 2668 1805 2716 ornatu
1847 2666 2146 2715 armarunt
2185 2655 2411 2715 Samni-

422 2761 690 2837 tiumque
720 2757 963 2818 nomine
993 2758 1438 2835 compellarunt.

507 2859 740 2917 Eodem
796 2873 957 2914 anno
1002 2872 1152 2913 cumv
1187 2851 1447 2929 reliquiis
1508 2853 1892 2912 Etruscorum
1948 2851 2026 2910 ad
2084 2849 2401 2923 Perusiam,
2437 2867 2497 2915 18

423 2975 575 3033 quae
616 2964 676 3013 et
716 2952 844 3028 ipsa
886 2950 1246 3011 indutiarum
1289 2950 1474 3009 fidem
1503 2959 1755 3026 ruperat,
1788 2946 2007 3007 Fabius
2045 2948 2253 3007 consul
2296 2966 2406 3006 nec

422 3052 605 3114 dubia
634 3070 745 3110 nec
774 3047 998 3110 difficili
1025 3047 1271 3108 victoria
1308 3046 1569 3108 dimicat.
1660 3045 1854 3124 ipsum
1892 3044 2406 3121 oppidum—nam
2439 3068 2498 3119 19

420 3152 498 3211 ad
557 3147 795 3209 moenia
851 3146 1036 3205 victor
1091 3144 1708 3222 accessit—cepisset,
1767 3142 1829 3202 ni
1885 3141 2060 3218 legati
2117 3143 2407 3202 dedentes

422 3248 630 3307 urbem
671 3244 940 3305 exissent.
1029 3241 1324 3320 praesidio
1369 3241 1647 3302 Perusiae
1683 3239 1976 3317 imposit0‚
2012 3238 2405 3316 legationibus
2435 3258 2497 3293 20

423 3342 688 3403 Etruriae
715 3339 1036 3400 amicitiam
1066 3338 1405 3416 petentibus
1445 3359 1586 3415 prae
1628 3359 1691 3399 se
1727 3340 1983 3397 Romam
2028 3338 2105 3397 ad
2136 3348 2406 3396 senatum

422 3439 636 3513 missiS,
679 3440 890 3499 consul
942 3437 1365 3515 praestantiore
1414 3436 1595 3496 etiam
1641 3455 1820 3513 quam
1870 3435 2122 3496 dictator
2165 3434 2406 3493 victoria

421 3536 787 3611 triumphans
845 3536 1052 3595 urbem
1112 3545 1201 3594 est
1256 3532 1564 3607 invectus;
1621 3532 1765 3610 quin
1812 3532 1989 3592 etiam
2037 3531 2404 3592 devictorum
2436 3545 2492 3582 21

420 3632 776 3694 Samnitium
804 3633 988 3693 decus
1019 3651 1231 3707 magna
1260 3650 1330 3689 ex
1374 3641 1541 3707 parte
1578 3632 1657 3689 ad
1686 3632 1925 3707 legatOS,
1958 3632 2023 3689 P.
2059 3627 2314 3690 Decium
2347 3635 2407 3684 et
