<?xml version="1.0" encoding="UTF-8"?>
<!DOCTYPE html PUBLIC "-//W3C//DTD XHTML 1.0 Transitional//EN"
    "http://www.w3.org/TR/xhtml1/DTD/xhtml1-transitional.dtd">
<html xmlns="http://www.w3.org/1999/xhtml" xml:lang="en" lang="en">
 <head>
  <title>
</title>
<meta http-equiv="Content-Type" content="text/html;charset=utf-8" />
  <meta name='ocr-system' content='tesseract 3.04.00' />
  <meta name='ocr-capabilities' content='ocr_page ocr_carea ocr_par ocr_line ocrx_word'/>
</head>
<body>
  <div class='ocr_page' id='page_1' title='image "./tliviaburbacond00livygoog_0077.png"; bbox 0 0 2909 4381; ppageno 0'>
   <div class='ocr_carea' id='block_1_1' title="bbox 704 293 2132 368">
    <p class='ocr_par' dir='ltr' id='par_1_1' title="bbox 704 293 2132 368">
     <span class='ocr_line' id='line_1_1' title="bbox 704 293 2132 368; baseline 0 -17"><span class='ocrx_word' id='word_1_1' title='bbox 704 295 812 351; x_wconf 87' lang='lat' dir='ltr'>AB</span> <span class='ocrx_word' id='word_1_2' title='bbox 856 295 1080 351; x_wconf 84' lang='lat' dir='ltr'><strong>VRBE</strong></span> <span class='ocrx_word' id='word_1_3' title='bbox 1126 293 1514 354; x_wconf 79' lang='lat' dir='ltr'>CONDITA</span> <span class='ocrx_word' id='word_1_4' title='bbox 1559 295 1713 352; x_wconf 87' lang='lat' dir='ltr'><strong>LIB.</strong></span> <span class='ocrx_word' id='word_1_5' title='bbox 1762 295 1871 352; x_wconf 87' lang='lat' dir='ltr'>1x.</span> <span class='ocrx_word' id='word_1_6' title='bbox 1916 313 2011 365; x_wconf 88' lang='lat'>42,</span> <span class='ocrx_word' id='word_1_7' title='bbox 2056 312 2132 368; x_wconf 83' lang='lat'>43</span> 
     </span>
    </p>
   </div>
   <div class='ocr_carea' id='block_1_2' title="bbox 410 451 2493 3737">
    <p class='ocr_par' dir='ltr' id='par_1_2' title="bbox 410 451 2493 3737">
     <span class='ocr_line' id='line_1_2' title="bbox 421 451 2408 531; baseline 0 -22"><span class='ocrx_word' id='word_1_8' title='bbox 421 452 697 512; x_wconf 88' lang='lat' dir='ltr'>Romana</span> <span class='ocrx_word' id='word_1_9' title='bbox 719 464 899 527; x_wconf 92' lang='lat' dir='ltr'>erant,</span> <span class='ocrx_word' id='word_1_10' title='bbox 932 464 1280 531; x_wconf 86' lang='lat' dir='ltr'>expugnata,</span> <span class='ocrx_word' id='word_1_11' title='bbox 1312 464 1371 513; x_wconf 93' lang='lat' dir='ltr'>et</span> <span class='ocrx_word' id='word_1_12' title='bbox 1400 452 1460 511; x_wconf 94' lang='lat' dir='ltr'>in</span> <span class='ocrx_word' id='word_1_13' title='bbox 1484 453 1848 530; x_wconf 90' lang='lat' dir='ltr'>captivorum</span> <span class='ocrx_word' id='word_1_14' title='bbox 1879 472 2124 529; x_wconf 92' lang='lat' dir='ltr'>corpora</span> <span class='ocrx_word' id='word_1_15' title='bbox 2155 451 2408 511; x_wconf 91' lang='lat' dir='ltr'>militum</span> 
     </span>
     <span class='ocr_line' id='line_1_3' title="bbox 418 538 2461 628; baseline 0 -22"><span class='ocrx_word' id='word_1_16' title='bbox 418 550 593 609; x_wconf 92' lang='lat' dir='ltr'>foede</span> <span class='ocrx_word' id='word_1_17' title='bbox 658 550 961 611; x_wconf 88' lang='lat' dir='ltr'>saevitum.</span> <span class='ocrx_word' id='word_1_18' title='bbox 1068 551 1267 628; x_wconf 92' lang='lat' dir='ltr'>itaque</span> <span class='ocrx_word' id='word_1_19' title='bbox 1333 570 1405 610; x_wconf 97' lang='lat' dir='ltr'>eo</span> <span class='ocrx_word' id='word_1_20' title='bbox 1464 553 1527 609; x_wconf 94' lang='lat' dir='ltr'>P.</span> <span class='ocrx_word' id='word_1_21' title='bbox 1590 538 1903 612; x_wconf 75' lang='lat' dir='ltr'>Cornelius</span> <span class='ocrx_word' id='word_1_22' title='bbox 1958 570 2095 609; x_wconf 93' lang='lat' dir='ltr'>cum</span> <span class='ocrx_word' id='word_1_23' title='bbox 2153 549 2407 608; x_wconf 87' lang='lat' dir='ltr'>exercitu</span> <span class='ocrx_word' id='word_1_24' title='bbox 2435 572 2461 606; x_wconf 82' lang='lat'>2</span> 
     </span>
     <span class='ocr_line' id='line_1_4' title="bbox 418 636 2406 724; baseline 0.001 -20"><span class='ocrx_word' id='word_1_25' title='bbox 418 645 631 706; x_wconf 90' lang='lat' dir='ltr'>missus</span> <span class='ocrx_word' id='word_1_26' title='bbox 652 668 668 720; x_wconf 91' lang='lat'>;</span> <span class='ocrx_word' id='word_1_27' title='bbox 712 648 941 707; x_wconf 90' lang='lat' dir='ltr'>Marcio</span> <span class='ocrx_word' id='word_1_28' title='bbox 971 636 1113 707; x_wconf 87' lang='lat' dir='ltr'>novi</span> <span class='ocrx_word' id='word_1_29' title='bbox 1138 647 1540 707; x_wconf 89' lang='lat' dir='ltr'>hostes—iam</span> <span class='ocrx_word' id='word_1_30' title='bbox 1571 646 1730 707; x_wconf 89' lang='lat' dir='ltr'>enim</span> <span class='ocrx_word' id='word_1_31' title='bbox 1753 646 2082 724; x_wconf 88' lang='lat' dir='ltr'>Anagninis</span> <span class='ocrx_word' id='word_1_32' title='bbox 2109 645 2406 707; x_wconf 89' lang='lat' dir='ltr'>Hernicis·</span> 
     </span>
     <span class='ocr_line' id='line_1_5' title="bbox 416 743 2464 820; baseline 0 -18"><span class='ocrx_word' id='word_1_33' title='bbox 416 763 534 819; x_wconf 89' lang='lat' dir='ltr'>que</span> <span class='ocrx_word' id='word_1_34' title='bbox 589 743 717 803; x_wconf 89' lang='lat' dir='ltr'>aliis</span> <span class='ocrx_word' id='word_1_35' title='bbox 782 744 1006 804; x_wconf 91' lang='lat' dir='ltr'>bellum</span> <span class='ocrx_word' id='word_1_36' title='bbox 1073 744 1298 804; x_wconf 92' lang='lat' dir='ltr'>iussum</span> <span class='ocrx_word' id='word_1_37' title='bbox 1363 745 1982 807; x_wconf 87' lang='lat' dir='ltr'>erat—decernuntur.</span> <span class='ocrx_word' id='word_1_38' title='bbox 2070 743 2260 820; x_wconf 91' lang='lat' dir='ltr'>primo</span> <span class='ocrx_word' id='word_1_39' title='bbox 2327 743 2407 802; x_wconf 91' lang='lat' dir='ltr'>ita</span> <span class='ocrx_word' id='word_1_40' title='bbox 2436 761 2464 809; x_wconf 81' lang='lat'><strong>3</strong></span> 
     </span>
     <span class='ocr_line' id='line_1_6' title="bbox 417 839 2407 918; baseline 0.002 -21"><span class='ocrx_word' id='word_1_41' title='bbox 417 839 621 900; x_wconf 89' lang='lat' dir='ltr'>omnia</span> <span class='ocrx_word' id='word_1_42' title='bbox 662 852 997 918; x_wconf 89' lang='lat' dir='ltr'>opportuna</span> <span class='ocrx_word' id='word_1_43' title='bbox 1038 844 1170 901; x_wconf 89' lang='lat' dir='ltr'>loca</span> <span class='ocrx_word' id='word_1_44' title='bbox 1211 842 1411 901; x_wconf 87' lang='lat' dir='ltr'>hostes</span> <span class='ocrx_word' id='word_1_45' title='bbox 1456 841 1608 901; x_wconf 89' lang='lat' dir='ltr'>inter</span> <span class='ocrx_word' id='word_1_46' title='bbox 1648 842 1963 900; x_wconf 91' lang='lat' dir='ltr'>consulum</span> <span class='ocrx_word' id='word_1_47' title='bbox 2006 851 2194 900; x_wconf 90' lang='lat' dir='ltr'>castra</span> <span class='ocrx_word' id='word_1_48' title='bbox 2236 840 2407 900; x_wconf 91' lang='lat' dir='ltr'>inter-</span> 
     </span>
     <span class='ocr_line' id='line_1_7' title="bbox 417 937 2462 1015; baseline 0.001 -20"><span class='ocrx_word' id='word_1_49' title='bbox 417 947 716 1013; x_wconf 90' lang='lat' dir='ltr'>ceperunt,</span> <span class='ocrx_word' id='word_1_50' title='bbox 750 948 815 997; x_wconf 94' lang='lat' dir='ltr'>ut</span> <span class='ocrx_word' id='word_1_51' title='bbox 852 939 1172 1014; x_wconf 88' lang='lat' dir='ltr'>pervadere</span> <span class='ocrx_word' id='word_1_52' title='bbox 1209 937 1518 1014; x_wconf 89' lang='lat' dir='ltr'>expeditus</span> <span class='ocrx_word' id='word_1_53' title='bbox 1556 937 1799 997; x_wconf 92' lang='lat' dir='ltr'>nuntius</span> <span class='ocrx_word' id='word_1_54' title='bbox 1833 957 1956 997; x_wconf 92' lang='lat' dir='ltr'>non</span> <span class='ocrx_word' id='word_1_55' title='bbox 1985 949 2187 1015; x_wconf 90' lang='lat' dir='ltr'>posset</span> <span class='ocrx_word' id='word_1_56' title='bbox 2215 950 2273 997; x_wconf 92' lang='lat' dir='ltr'>et</span> <span class='ocrx_word' id='word_1_57' title='bbox 2303 959 2406 1015; x_wconf 92' lang='lat' dir='ltr'>per</span> <span class='ocrx_word' id='word_1_58' title='bbox 2429 960 2462 1007; x_wconf 92' lang='lat'>4</span> 
     </span>
     <span class='ocr_line' id='line_1_8' title="bbox 415 1033 2405 1111; baseline -0.001 -18"><span class='ocrx_word' id='word_1_59' title='bbox 415 1033 642 1110; x_wconf 83' lang='lat' dir='ltr'>aliquot</span> <span class='ocrx_word' id='word_1_60' title='bbox 691 1033 818 1093; x_wconf 91' lang='lat' dir='ltr'>dies</span> <span class='ocrx_word' id='word_1_61' title='bbox 867 1033 1074 1094; x_wconf 90' lang='lat' dir='ltr'>incerti</span> <span class='ocrx_word' id='word_1_62' title='bbox 1123 1054 1315 1095; x_wconf 91' lang='lat' dir='ltr'>rerum</span> <span class='ocrx_word' id='word_1_63' title='bbox 1367 1033 1636 1094; x_wconf 88' lang='lat' dir='ltr'>omnium</span> <span class='ocrx_word' id='word_1_64' title='bbox 1688 1033 2078 1111; x_wconf 85' lang='lat' dir='ltr'>suspensique</span> <span class='ocrx_word' id='word_1_65' title='bbox 2126 1035 2203 1094; x_wconf 88' lang='lat' dir='ltr'>de</span> <span class='ocrx_word' id='word_1_66' title='bbox 2253 1045 2405 1093; x_wconf 90' lang='lat' dir='ltr'>statu</span> 
     </span>
     <span class='ocr_line' id='line_1_9' title="bbox 415 1131 2404 1210; baseline 0 -20"><span class='ocrx_word' id='word_1_67' title='bbox 415 1132 653 1193; x_wconf 92' lang='lat' dir='ltr'>alterius</span> <span class='ocrx_word' id='word_1_68' title='bbox 676 1142 923 1210; x_wconf 89' lang='lat' dir='ltr'>uterque</span> <span class='ocrx_word' id='word_1_69' title='bbox 953 1136 1160 1192; x_wconf 92' lang='lat' dir='ltr'>consul</span> <span class='ocrx_word' id='word_1_70' title='bbox 1189 1143 1384 1210; x_wconf 91' lang='lat' dir='ltr'>ageret</span> <span class='ocrx_word' id='word_1_71' title='bbox 1414 1134 1796 1208; x_wconf 85' lang='lat' dir='ltr'>Romamque</span> <span class='ocrx_word' id='word_1_72' title='bbox 1824 1131 1872 1191; x_wconf 92' lang='lat' dir='ltr'>is</span> <span class='ocrx_word' id='word_1_73' title='bbox 1903 1143 2095 1192; x_wconf 86' lang='lat' dir='ltr'>metus</span> <span class='ocrx_word' id='word_1_74' title='bbox 2125 1143 2404 1203; x_wconf 85' lang='lat' dir='ltr'>manaret,</span> 
     </span>
     <span class='ocr_line' id='line_1_10' title="bbox 414 1229 2405 1308; baseline -0.001 -18"><span class='ocrx_word' id='word_1_75' title='bbox 414 1232 569 1291; x_wconf 91' lang='lat' dir='ltr'>adeo</span> <span class='ocrx_word' id='word_1_76' title='bbox 611 1242 677 1290; x_wconf 92' lang='lat' dir='ltr'>ut</span> <span class='ocrx_word' id='word_1_77' title='bbox 720 1250 928 1290; x_wconf 91' lang='lat' dir='ltr'>omnes</span> <span class='ocrx_word' id='word_1_78' title='bbox 971 1229 1227 1290; x_wconf 91' lang='lat' dir='ltr'>iuniores</span> <span class='ocrx_word' id='word_1_79' title='bbox 1274 1241 1643 1290; x_wconf 91' lang='lat' dir='ltr'>sacramento</span> <span class='ocrx_word' id='word_1_80' title='bbox 1685 1230 2060 1307; x_wconf 89' lang='lat' dir='ltr'>adigerentur</span> <span class='ocrx_word' id='word_1_81' title='bbox 2108 1240 2287 1308; x_wconf 89' lang='lat' dir='ltr'>atque</span> <span class='ocrx_word' id='word_1_82' title='bbox 2328 1231 2405 1289; x_wconf 91' lang='lat' dir='ltr'>ad</span> 
     </span>
     <span class='ocr_line' id='line_1_11' title="bbox 417 1326 2461 1396; baseline 0 -11"><span class='ocrx_word' id='word_1_83' title='bbox 417 1326 613 1386; x_wconf 90' lang='lat' dir='ltr'>subita</span> <span class='ocrx_word' id='word_1_84' title='bbox 667 1346 861 1385; x_wconf 93' lang='lat' dir='ltr'>rerum</span> <span class='ocrx_word' id='word_1_85' title='bbox 917 1328 1041 1387; x_wconf 92' lang='lat' dir='ltr'>duo</span> <span class='ocrx_word' id='word_1_86' title='bbox 1095 1326 1232 1385; x_wconf 89' lang='lat' dir='ltr'>iusti</span> <span class='ocrx_word' id='word_1_87' title='bbox 1288 1326 1680 1387; x_wconf 88' lang='lat' dir='ltr'>scriberentur</span> <span class='ocrx_word' id='word_1_88' title='bbox 1735 1327 2038 1387; x_wconf 75' lang='lat' dir='ltr'>exercitus,</span> <span class='ocrx_word' id='word_1_89' title='bbox 2145 1338 2404 1387; x_wconf 89' lang='lat' dir='ltr'>ceterum</span> <span class='ocrx_word' id='word_1_90' title='bbox 2433 1347 2461 1396; x_wconf 87' lang='lat'><strong>5</strong></span> 
     </span>
     <span class='ocr_line' id='line_1_12' title="bbox 419 1422 2408 1502; baseline 0.001 -21"><span class='ocrx_word' id='word_1_91' title='bbox 419 1422 753 1482; x_wconf 90' lang='lat' dir='ltr'>Hernicum</span> <span class='ocrx_word' id='word_1_92' title='bbox 797 1423 1020 1482; x_wconf 91' lang='lat' dir='ltr'>bellum</span> <span class='ocrx_word' id='word_1_93' title='bbox 1063 1444 1442 1502; x_wconf 89' lang='lat' dir='ltr'>nequaquam</span> <span class='ocrx_word' id='word_1_94' title='bbox 1485 1445 1593 1502; x_wconf 93' lang='lat' dir='ltr'>pro</span> <span class='ocrx_word' id='word_1_95' title='bbox 1631 1425 1925 1502; x_wconf 89' lang='lat' dir='ltr'>praesenti</span> <span class='ocrx_word' id='word_1_96' title='bbox 1964 1436 2180 1485; x_wconf 89' lang='lat' dir='ltr'>terrore</span> <span class='ocrx_word' id='word_1_97' title='bbox 2216 1445 2287 1484; x_wconf 91' lang='lat' dir='ltr'>ac</span> <span class='ocrx_word' id='word_1_98' title='bbox 2315 1445 2408 1483; x_wconf 90' lang='lat' dir='ltr'>ve-</span> 
     </span>
     <span class='ocr_line' id='line_1_13' title="bbox 417 1520 2463 1599; baseline 0 -20"><span class='ocrx_word' id='word_1_99' title='bbox 417 1531 574 1580; x_wconf 90' lang='lat' dir='ltr'>tusta</span> <span class='ocrx_word' id='word_1_100' title='bbox 613 1520 804 1597; x_wconf 93' lang='lat' dir='ltr'>gentis</span> <span class='ocrx_word' id='word_1_101' title='bbox 846 1520 1031 1598; x_wconf 91' lang='lat' dir='ltr'>gloria</span> <span class='ocrx_word' id='word_1_102' title='bbox 1073 1521 1198 1581; x_wconf 89' lang='lat' dir='ltr'>fuit.</span> <span class='ocrx_word' id='word_1_103' title='bbox 1285 1522 1432 1581; x_wconf 91' lang='lat' dir='ltr'>nihil</span> <span class='ocrx_word' id='word_1_104' title='bbox 1478 1542 1729 1599; x_wconf 84' lang='lat' dir='ltr'>usquam</span> <span class='ocrx_word' id='word_1_105' title='bbox 1768 1522 1930 1582; x_wconf 90' lang='lat' dir='ltr'>dictu</span> <span class='ocrx_word' id='word_1_106' title='bbox 1972 1522 2218 1599; x_wconf 89' lang='lat' dir='ltr'>dignum</span> <span class='ocrx_word' id='word_1_107' title='bbox 2258 1522 2402 1594; x_wconf 91' lang='lat' dir='ltr'>ausi,</span> <span class='ocrx_word' id='word_1_108' title='bbox 2431 1530 2463 1579; x_wconf 92' lang='lat'><strong>6</strong></span> 
     </span>
     <span class='ocr_line' id='line_1_14' title="bbox 417 1617 2406 1705; baseline -0.001 -27"><span class='ocrx_word' id='word_1_109' title='bbox 417 1617 582 1705; x_wconf 76' lang='lat' dir='ltr'>trinis</span> <span class='ocrx_word' id='word_1_110' title='bbox 612 1617 816 1678; x_wconf 92' lang='lat' dir='ltr'>castris</span> <span class='ocrx_word' id='word_1_111' title='bbox 845 1618 997 1678; x_wconf 90' lang='lat' dir='ltr'>intra</span> <span class='ocrx_word' id='word_1_112' title='bbox 1025 1638 1247 1695; x_wconf 90' lang='lat' dir='ltr'>paucos</span> <span class='ocrx_word' id='word_1_113' title='bbox 1278 1618 1404 1679; x_wconf 90' lang='lat' dir='ltr'>dies</span> <span class='ocrx_word' id='word_1_114' title='bbox 1435 1619 1611 1691; x_wconf 90' lang='lat' dir='ltr'>exuti,</span> <span class='ocrx_word' id='word_1_115' title='bbox 1639 1619 1873 1695; x_wconf 90' lang='lat' dir='ltr'>triginta</span> <span class='ocrx_word' id='word_1_116' title='bbox 1895 1619 2122 1680; x_wconf 89' lang='lat' dir='ltr'>dierum</span> <span class='ocrx_word' id='word_1_117' title='bbox 2149 1619 2406 1679; x_wconf 86' lang='lat' dir='ltr'>indutias</span> 
     </span>
     <span class='ocr_line' id='line_1_15' title="bbox 418 1704 2408 1791; baseline 0 -18"><span class='ocrx_word' id='word_1_118' title='bbox 418 1704 513 1787; x_wconf 83' lang='lat' dir='ltr'>ita,</span> <span class='ocrx_word' id='word_1_119' title='bbox 559 1724 626 1773; x_wconf 93' lang='lat' dir='ltr'>ut</span> <span class='ocrx_word' id='word_1_120' title='bbox 666 1716 744 1774; x_wconf 91' lang='lat' dir='ltr'>ad</span> <span class='ocrx_word' id='word_1_121' title='bbox 787 1726 1059 1774; x_wconf 90' lang='lat' dir='ltr'>senatum</span> <span class='ocrx_word' id='word_1_122' title='bbox 1105 1716 1365 1773; x_wconf 88' lang='lat' dir='ltr'>Romam</span> <span class='ocrx_word' id='word_1_123' title='bbox 1415 1717 1638 1790; x_wconf 90' lang='lat' dir='ltr'>legatos</span> <span class='ocrx_word' id='word_1_124' title='bbox 1696 1714 2009 1786; x_wconf 88' lang='lat' dir='ltr'>mitterent,</span> <span class='ocrx_word' id='word_1_125' title='bbox 2063 1717 2219 1791; x_wconf 90' lang='lat' dir='ltr'>pacti</span> <span class='ocrx_word' id='word_1_126' title='bbox 2271 1726 2408 1773; x_wconf 92' lang='lat' dir='ltr'>sunt</span> 
     </span>
     <span class='ocr_line' id='line_1_16' title="bbox 418 1809 2405 1887; baseline -0.001 -17"><span class='ocrx_word' id='word_1_127' title='bbox 418 1809 684 1870; x_wconf 89' lang='lat' dir='ltr'>bimestri</span> <span class='ocrx_word' id='word_1_128' title='bbox 709 1810 1007 1887; x_wconf 90' lang='lat' dir='ltr'>stipendio</span> <span class='ocrx_word' id='word_1_129' title='bbox 1029 1812 1447 1887; x_wconf 89' lang='lat' dir='ltr'>frumentoque</span> <span class='ocrx_word' id='word_1_130' title='bbox 1470 1821 1529 1869; x_wconf 94' lang='lat' dir='ltr'>et</span> <span class='ocrx_word' id='word_1_131' title='bbox 1552 1810 1795 1887; x_wconf 90' lang='lat' dir='ltr'>singulis</span> <span class='ocrx_word' id='word_1_132' title='bbox 1818 1810 1880 1868; x_wconf 93' lang='lat' dir='ltr'>in</span> <span class='ocrx_word' id='word_1_133' title='bbox 1903 1810 2150 1869; x_wconf 87' lang='lat' dir='ltr'>militem</span> <span class='ocrx_word' id='word_1_134' title='bbox 2174 1810 2405 1869; x_wconf 82' lang='lat' dir='ltr'>tunicis,</span> 
     </span>
     <span class='ocr_line' id='line_1_17' title="bbox 417 1893 2463 1985; baseline 0.001 -19"><span class='ocrx_word' id='word_1_135' title='bbox 417 1908 495 1968; x_wconf 92' lang='lat' dir='ltr'>ab</span> <span class='ocrx_word' id='word_1_136' title='bbox 539 1917 747 1967; x_wconf 91' lang='lat' dir='ltr'>senatu</span> <span class='ocrx_word' id='word_1_137' title='bbox 789 1910 868 1967; x_wconf 92' lang='lat' dir='ltr'>ad</span> <span class='ocrx_word' id='word_1_138' title='bbox 917 1906 1212 1966; x_wconf 90' lang='lat' dir='ltr'>Marcium</span> <span class='ocrx_word' id='word_1_139' title='bbox 1262 1906 1480 1980; x_wconf 89' lang='lat' dir='ltr'>reiecti,</span> <span class='ocrx_word' id='word_1_140' title='bbox 1528 1906 1624 1966; x_wconf 92' lang='lat' dir='ltr'>cui</span> <span class='ocrx_word' id='word_1_141' title='bbox 1674 1919 1911 1968; x_wconf 89' lang='lat' dir='ltr'>senatus</span> <span class='ocrx_word' id='word_1_142' title='bbox 1943 1893 2235 1968; x_wconf 65' lang='lat' dir='ltr'>&#39;consulto</span> <span class='ocrx_word' id='word_1_143' title='bbox 2286 1929 2410 1985; x_wconf 91' lang='lat' dir='ltr'>per·</span> <span class='ocrx_word' id='word_1_144' title='bbox 2435 1930 2463 1984; x_wconf 84' lang='lat'><em>7</em></span> 
     </span>
     <span class='ocr_line' id='line_1_18' title="bbox 420 2002 2407 2080; baseline 0.002 -18"><span class='ocrx_word' id='word_1_145' title='bbox 420 2003 666 2064; x_wconf 89' lang='lat' dir='ltr'>missum</span> <span class='ocrx_word' id='word_1_146' title='bbox 708 2005 786 2063; x_wconf 88' lang='lat' dir='ltr'>de</span> <span class='ocrx_word' id='word_1_147' title='bbox 823 2002 1103 2064; x_wconf 91' lang='lat' dir='ltr'>Hernicis</span> <span class='ocrx_word' id='word_1_148' title='bbox 1133 2014 1270 2076; x_wconf 89' lang='lat' dir='ltr'>erat,</span> <span class='ocrx_word' id='word_1_149' title='bbox 1304 2003 1474 2080; x_wconf 90' lang='lat' dir='ltr'>isque</span> <span class='ocrx_word' id='word_1_150' title='bbox 1512 2023 1643 2063; x_wconf 89' lang='lat' dir='ltr'>eam</span> <span class='ocrx_word' id='word_1_151' title='bbox 1681 2015 1920 2080; x_wconf 85' lang='lat' dir='ltr'>gentem</span> <span class='ocrx_word' id='word_1_152' title='bbox 1949 2004 2011 2064; x_wconf 91' lang='lat' dir='ltr'>in</span> <span class='ocrx_word' id='word_1_153' title='bbox 2039 2005 2407 2066; x_wconf 88' lang='lat' dir='ltr'>deditionem</span> 
     </span>
     <span class='ocr_line' id='line_1_19' title="bbox 416 2100 2408 2179; baseline 0.002 -18"><span class='ocrx_word' id='word_1_154' title='bbox 416 2102 664 2179; x_wconf 88' lang='lat' dir='ltr'>accepit.</span> <span class='ocrx_word' id='word_1_155' title='bbox 752 2112 811 2162; x_wconf 91' lang='lat' dir='ltr'>et</span> <span class='ocrx_word' id='word_1_156' title='bbox 852 2100 915 2160; x_wconf 93' lang='lat' dir='ltr'>in</span> <span class='ocrx_word' id='word_1_157' title='bbox 957 2100 1201 2161; x_wconf 91' lang='lat' dir='ltr'>Samnio</span> <span class='ocrx_word' id='word_1_158' title='bbox 1242 2104 1387 2162; x_wconf 89' lang='lat' dir='ltr'>alter</span> <span class='ocrx_word' id='word_1_159' title='bbox 1428 2104 1638 2162; x_wconf 92' lang='lat' dir='ltr'>consul</span> <span class='ocrx_word' id='word_1_160' title='bbox 1682 2101 1946 2179; x_wconf 90' lang='lat' dir='ltr'>superior</span> <span class='ocrx_word' id='word_1_161' title='bbox 1985 2102 2220 2176; x_wconf 84' lang='lat' dir='ltr'>viribuS,</span> <span class='ocrx_word' id='word_1_162' title='bbox 2263 2106 2408 2164; x_wconf 91' lang='lat' dir='ltr'>locis</span> 
     </span>
     <span class='ocr_line' id='line_1_20' title="bbox 418 2198 2464 2278; baseline 0.001 -20"><span class='ocrx_word' id='word_1_163' title='bbox 418 2199 757 2276; x_wconf 88' lang='lat' dir='ltr'>impeditior</span> <span class='ocrx_word' id='word_1_164' title='bbox 779 2210 918 2260; x_wconf 90' lang='lat' dir='ltr'>erat.</span> <span class='ocrx_word' id='word_1_165' title='bbox 992 2198 1194 2258; x_wconf 91' lang='lat' dir='ltr'>omnia</span> <span class='ocrx_word' id='word_1_166' title='bbox 1214 2198 1421 2259; x_wconf 89' lang='lat' dir='ltr'>itinera</span> <span class='ocrx_word' id='word_1_167' title='bbox 1443 2198 1865 2276; x_wconf 89' lang='lat' dir='ltr'>obsaepserant</span> <span class='ocrx_word' id='word_1_168' title='bbox 1883 2201 2083 2259; x_wconf 92' lang='lat' dir='ltr'>hostes</span> <span class='ocrx_word' id='word_1_169' title='bbox 2108 2203 2407 2278; x_wconf 89' lang='lat' dir='ltr'>saltusque</span> <span class='ocrx_word' id='word_1_170' title='bbox 2434 2221 2464 2268; x_wconf 90' lang='lat'><em>8</em></span> 
     </span>
     <span class='ocr_line' id='line_1_21' title="bbox 417 2296 2408 2375; baseline 0.002 -20"><span class='ocrx_word' id='word_1_171' title='bbox 417 2296 649 2372; x_wconf 88' lang='lat' dir='ltr'>pervios</span> <span class='ocrx_word' id='word_1_172' title='bbox 670 2306 971 2373; x_wconf 89' lang='lat' dir='ltr'>ceperant,</span> <span class='ocrx_word' id='word_1_173' title='bbox 989 2316 1066 2355; x_wconf 93' lang='lat' dir='ltr'>ne</span> <span class='ocrx_word' id='word_1_174' title='bbox 1087 2316 1206 2373; x_wconf 92' lang='lat' dir='ltr'>qua</span> <span class='ocrx_word' id='word_1_175' title='bbox 1227 2296 1478 2355; x_wconf 89' lang='lat' dir='ltr'>subvehi</span> <span class='ocrx_word' id='word_1_176' title='bbox 1507 2306 1875 2356; x_wconf 90' lang='lat' dir='ltr'>commeatus</span> <span class='ocrx_word' id='word_1_177' title='bbox 1905 2308 2147 2373; x_wconf 91' lang='lat' dir='ltr'>possent</span> <span class='ocrx_word' id='word_1_178' title='bbox 2167 2320 2185 2372; x_wconf 78' lang='lat'>3</span> <span class='ocrx_word' id='word_1_179' title='bbox 2212 2319 2408 2375; x_wconf 91' lang='lat' dir='ltr'>neque</span> 
     </span>
     <span class='ocr_line' id='line_1_22' title="bbox 418 2392 2407 2471; baseline 0.001 -17"><span class='ocrx_word' id='word_1_180' title='bbox 418 2414 538 2469; x_wconf 84' lang='lat' dir='ltr'>eOS,</span> <span class='ocrx_word' id='word_1_181' title='bbox 584 2414 722 2454; x_wconf 90' lang='lat' dir='ltr'>cum</span> <span class='ocrx_word' id='word_1_182' title='bbox 767 2393 986 2455; x_wconf 91' lang='lat' dir='ltr'>cotidie</span> <span class='ocrx_word' id='word_1_183' title='bbox 1029 2393 1194 2471; x_wconf 92' lang='lat' dir='ltr'>signa</span> <span class='ocrx_word' id='word_1_184' title='bbox 1243 2392 1304 2452; x_wconf 91' lang='lat' dir='ltr'>in</span> <span class='ocrx_word' id='word_1_185' title='bbox 1346 2393 1536 2453; x_wconf 91' lang='lat' dir='ltr'>aciem</span> <span class='ocrx_word' id='word_1_186' title='bbox 1585 2396 1793 2453; x_wconf 91' lang='lat' dir='ltr'>consul</span> <span class='ocrx_word' id='word_1_187' title='bbox 1844 2396 2142 2471; x_wconf 91' lang='lat' dir='ltr'>proferret,</span> <span class='ocrx_word' id='word_1_188' title='bbox 2196 2396 2407 2456; x_wconf 92' lang='lat' dir='ltr'>elicere</span> 
     </span>
     <span class='ocr_line' id='line_1_23' title="bbox 415 2491 2474 2570; baseline 0 -18"><span class='ocrx_word' id='word_1_189' title='bbox 415 2494 495 2553; x_wconf 88' lang='lat' dir='ltr'>ad</span> <span class='ocrx_word' id='word_1_190' title='bbox 536 2504 836 2553; x_wconf 90' lang='lat' dir='ltr'>certamen</span> <span class='ocrx_word' id='word_1_191' title='bbox 879 2503 1126 2570; x_wconf 91' lang='lat' dir='ltr'>poterat,</span> <span class='ocrx_word' id='word_1_192' title='bbox 1172 2491 1432 2569; x_wconf 89' lang='lat' dir='ltr'>satisque</span> <span class='ocrx_word' id='word_1_193' title='bbox 1474 2492 1795 2569; x_wconf 89' lang='lat' dir='ltr'>apparebat</span> <span class='ocrx_word' id='word_1_194' title='bbox 1837 2512 2034 2568; x_wconf 89' lang='lat' dir='ltr'>neque</span> <span class='ocrx_word' id='word_1_195' title='bbox 2077 2493 2405 2553; x_wconf 88' lang='lat' dir='ltr'>Samnitem</span> <span class='ocrx_word' id='word_1_196' title='bbox 2428 2514 2474 2563; x_wconf 78' lang='lat'>9.</span> 
     </span>
     <span class='ocr_line' id='line_1_24' title="bbox 416 2589 2400 2667; baseline 0 -17"><span class='ocrx_word' id='word_1_197' title='bbox 416 2601 716 2650; x_wconf 90' lang='lat' dir='ltr'>certamen</span> <span class='ocrx_word' id='word_1_198' title='bbox 745 2609 1020 2667; x_wconf 89' lang='lat' dir='ltr'>praesens</span> <span class='ocrx_word' id='word_1_199' title='bbox 1049 2610 1161 2650; x_wconf 92' lang='lat' dir='ltr'>nec</span> <span class='ocrx_word' id='word_1_200' title='bbox 1191 2592 1537 2650; x_wconf 91' lang='lat' dir='ltr'>Romanurn</span> <span class='ocrx_word' id='word_1_201' title='bbox 1572 2589 1919 2650; x_wconf 90' lang='lat' dir='ltr'>dilationem</span> <span class='ocrx_word' id='word_1_202' title='bbox 1957 2590 2096 2650; x_wconf 91' lang='lat' dir='ltr'>belli</span> <span class='ocrx_word' id='word_1_203' title='bbox 2133 2593 2400 2651; x_wconf 90' lang='lat' dir='ltr'>laturum.</span> 
     </span>
     <span class='ocr_line' id='line_1_25' title="bbox 416 2685 2493 2764; baseline -0.001 -18"><span class='ocrx_word' id='word_1_204' title='bbox 416 2689 706 2747; x_wconf 90' lang='lat' dir='ltr'>adventus</span> <span class='ocrx_word' id='word_1_205' title='bbox 750 2687 977 2759; x_wconf 89' lang='lat' dir='ltr'>Marcii,</span> <span class='ocrx_word' id='word_1_206' title='bbox 1024 2687 1127 2764; x_wconf 88' lang='lat' dir='ltr'>qui</span> <span class='ocrx_word' id='word_1_207' title='bbox 1171 2686 1449 2747; x_wconf 89' lang='lat' dir='ltr'>Hernicis</span> <span class='ocrx_word' id='word_1_208' title='bbox 1490 2685 1750 2746; x_wconf 92' lang='lat' dir='ltr'>subactis</span> <span class='ocrx_word' id='word_1_209' title='bbox 1790 2689 2102 2745; x_wconf 89' lang='lat' dir='ltr'>maturavit</span> <span class='ocrx_word' id='word_1_210' title='bbox 2144 2690 2404 2763; x_wconf 88' lang='lat' dir='ltr'>collegae</span> <span class='ocrx_word' id='word_1_211' title='bbox 2433 2709 2493 2745; x_wconf 92' lang='lat'>10</span> 
     </span>
     <span class='ocr_line' id='line_1_26' title="bbox 416 2782 2485 2862; baseline -0.001 -18"><span class='ocrx_word' id='word_1_212' title='bbox 416 2785 615 2846; x_wconf 89' lang='lat' dir='ltr'>venire</span> <span class='ocrx_word' id='word_1_213' title='bbox 642 2784 876 2856; x_wconf 89' lang='lat' dir='ltr'>auxili0,</span> <span class='ocrx_word' id='word_1_214' title='bbox 911 2804 1136 2843; x_wconf 92' lang='lat' dir='ltr'>moram</span> <span class='ocrx_word' id='word_1_215' title='bbox 1167 2782 1504 2843; x_wconf 89' lang='lat' dir='ltr'>certaminis</span> <span class='ocrx_word' id='word_1_216' title='bbox 1532 2782 1690 2843; x_wconf 87' lang='lat' dir='ltr'>hosti</span> <span class='ocrx_word' id='word_1_217' title='bbox 1719 2783 1952 2843; x_wconf 89' lang='lat' dir='ltr'>exemit.</span> <span class='ocrx_word' id='word_1_218' title='bbox 2039 2804 2176 2843; x_wconf 92' lang='lat' dir='ltr'>nam</span> <span class='ocrx_word' id='word_1_219' title='bbox 2207 2796 2272 2844; x_wconf 94' lang='lat' dir='ltr'>ut</span> <span class='ocrx_word' id='word_1_220' title='bbox 2301 2785 2401 2862; x_wconf 90' lang='lat' dir='ltr'>qui</span> <span class='ocrx_word' id='word_1_221' title='bbox 2433 2807 2485 2842; x_wconf 89' lang='lat'>11</span> 
     </span>
     <span class='ocr_line' id='line_1_27' title="bbox 416 2880 2401 2959; baseline 0.001 -18"><span class='ocrx_word' id='word_1_222' title='bbox 416 2903 493 2942; x_wconf 94' lang='lat' dir='ltr'>ne</span> <span class='ocrx_word' id='word_1_223' title='bbox 519 2881 686 2943; x_wconf 90' lang='lat' dir='ltr'>alteri</span> <span class='ocrx_word' id='word_1_224' title='bbox 708 2882 951 2958; x_wconf 88' lang='lat' dir='ltr'>quidem</span> <span class='ocrx_word' id='word_1_225' title='bbox 982 2880 1259 2941; x_wconf 87' lang='lat' dir='ltr'>exercitui</span> <span class='ocrx_word' id='word_1_226' title='bbox 1288 2901 1351 2941; x_wconf 92' lang='lat' dir='ltr'>se</span> <span class='ocrx_word' id='word_1_227' title='bbox 1371 2882 1450 2941; x_wconf 89' lang='lat' dir='ltr'>ad</span> <span class='ocrx_word' id='word_1_228' title='bbox 1480 2891 1777 2940; x_wconf 93' lang='lat' dir='ltr'>certamen</span> <span class='ocrx_word' id='word_1_229' title='bbox 1801 2880 2190 2942; x_wconf 90' lang='lat' dir='ltr'>credidissent</span> <span class='ocrx_word' id='word_1_230' title='bbox 2217 2903 2401 2959; x_wconf 84' lang='lat' dir='ltr'>pareS,</span> 
     </span>
     <span class='ocr_line' id='line_1_28' title="bbox 415 2978 2405 3057; baseline 0.001 -18"><span class='ocrx_word' id='word_1_231' title='bbox 415 2979 695 3055; x_wconf 89' lang='lat' dir='ltr'>coniungi</span> <span class='ocrx_word' id='word_1_232' title='bbox 724 2979 928 3057; x_wconf 93' lang='lat' dir='ltr'>utique</span> <span class='ocrx_word' id='word_1_233' title='bbox 957 2978 1113 3056; x_wconf 91' lang='lat' dir='ltr'>passi</span> <span class='ocrx_word' id='word_1_234' title='bbox 1142 2980 1294 3038; x_wconf 92' lang='lat' dir='ltr'>duos</span> <span class='ocrx_word' id='word_1_235' title='bbox 1330 2980 1668 3038; x_wconf 89' lang='lat' dir='ltr'>consulares</span> <span class='ocrx_word' id='word_1_236' title='bbox 1707 2978 1992 3038; x_wconf 88' lang='lat' dir='ltr'>exercitus</span> <span class='ocrx_word' id='word_1_237' title='bbox 2034 2979 2179 3039; x_wconf 89' lang='lat' dir='ltr'>nihil</span> <span class='ocrx_word' id='word_1_238' title='bbox 2209 2984 2405 3041; x_wconf 87' lang='lat' dir='ltr'>crede-</span> 
     </span>
     <span class='ocr_line' id='line_1_29' title="bbox 415 3074 2404 3153; baseline 0 -17"><span class='ocrx_word' id='word_1_239' title='bbox 415 3088 545 3137; x_wconf 89' lang='lat' dir='ltr'>rent</span> <span class='ocrx_word' id='word_1_240' title='bbox 573 3096 879 3153; x_wconf 91' lang='lat' dir='ltr'>superesse</span> <span class='ocrx_word' id='word_1_241' title='bbox 909 3075 1052 3152; x_wconf 91' lang='lat' dir='ltr'>spei,</span> <span class='ocrx_word' id='word_1_242' title='bbox 1083 3074 1501 3135; x_wconf 89' lang='lat' dir='ltr'>advenientem</span> <span class='ocrx_word' id='word_1_243' title='bbox 1540 3075 1940 3152; x_wconf 92' lang='lat' dir='ltr'>incomposito</span> <span class='ocrx_word' id='word_1_244' title='bbox 1978 3076 2212 3152; x_wconf 88' lang='lat' dir='ltr'>agmine</span> <span class='ocrx_word' id='word_1_245' title='bbox 2249 3080 2404 3136; x_wconf 89' lang='lat' dir='ltr'>Mar·</span> 
     </span>
     <span class='ocr_line' id='line_1_30' title="bbox 414 3173 2486 3251; baseline 0.001 -17"><span class='ocrx_word' id='word_1_246' title='bbox 414 3174 574 3240; x_wconf 89' lang='lat' dir='ltr'>cium</span> <span class='ocrx_word' id='word_1_247' title='bbox 622 3173 1055 3251; x_wconf 89' lang='lat' dir='ltr'>aggrediuntur.</span> <span class='ocrx_word' id='word_1_248' title='bbox 1141 3173 1354 3250; x_wconf 92' lang='lat' dir='ltr'>raptim</span> <span class='ocrx_word' id='word_1_249' title='bbox 1396 3175 1667 3233; x_wconf 91' lang='lat' dir='ltr'>conlatae</span> <span class='ocrx_word' id='word_1_250' title='bbox 1709 3173 1971 3233; x_wconf 90' lang='lat' dir='ltr'>sarcinae</span> <span class='ocrx_word' id='word_1_251' title='bbox 2013 3173 2074 3232; x_wconf 91' lang='lat' dir='ltr'>in</span> <span class='ocrx_word' id='word_1_252' title='bbox 2117 3175 2398 3249; x_wconf 90' lang='lat' dir='ltr'>medium,</span> <span class='ocrx_word' id='word_1_253' title='bbox 2429 3202 2486 3237; x_wconf 84' lang='lat'>12</span> 
     </span>
     <span class='ocr_line' id='line_1_31' title="bbox 415 3269 2401 3348; baseline 0.001 -18"><span class='ocrx_word' id='word_1_254' title='bbox 415 3282 488 3342; x_wconf 92' lang='lat' dir='ltr'>et,</span> <span class='ocrx_word' id='word_1_255' title='bbox 515 3282 690 3348; x_wconf 92' lang='lat' dir='ltr'>prout</span> <span class='ocrx_word' id='word_1_256' title='bbox 719 3282 952 3348; x_wconf 89' lang='lat' dir='ltr'>tempus</span> <span class='ocrx_word' id='word_1_257' title='bbox 982 3269 1330 3348; x_wconf 90' lang='lat' dir='ltr'>patiebatur,</span> <span class='ocrx_word' id='word_1_258' title='bbox 1356 3269 1641 3329; x_wconf 89' lang='lat' dir='ltr'>instructa</span> <span class='ocrx_word' id='word_1_259' title='bbox 1661 3270 1833 3329; x_wconf 80' lang='lat' dir='ltr'>acies,</span> <span class='ocrx_word' id='word_1_260' title='bbox 1894 3273 2116 3330; x_wconf 91' lang='lat' dir='ltr'>clamor</span> <span class='ocrx_word' id='word_1_261' title='bbox 2144 3272 2401 3348; x_wconf 92' lang='lat' dir='ltr'>primum</span> 
     </span>
     <span class='ocr_line' id='line_1_32' title="bbox 412 3366 2458 3447; baseline 0.002 -22"><span class='ocrx_word' id='word_1_262' title='bbox 412 3366 475 3425; x_wconf 91' lang='lat' dir='ltr'>in</span> <span class='ocrx_word' id='word_1_263' title='bbox 504 3369 712 3427; x_wconf 87' lang='lat' dir='ltr'>stativa</span> <span class='ocrx_word' id='word_1_264' title='bbox 740 3370 1014 3444; x_wconf 85' lang='lat' dir='ltr'>perlatuS,</span> <span class='ocrx_word' id='word_1_265' title='bbox 1047 3367 1188 3427; x_wconf 91' lang='lat' dir='ltr'>dein</span> <span class='ocrx_word' id='word_1_266' title='bbox 1218 3377 1575 3444; x_wconf 89' lang='lat' dir='ltr'>conspectus</span> <span class='ocrx_word' id='word_1_267' title='bbox 1614 3369 1819 3443; x_wconf 93' lang='lat' dir='ltr'>procul</span> <span class='ocrx_word' id='word_1_268' title='bbox 1860 3367 2050 3443; x_wconf 91' lang='lat' dir='ltr'>pulvis</span> <span class='ocrx_word' id='word_1_269' title='bbox 2080 3372 2398 3429; x_wconf 89' lang='lat' dir='ltr'>tumultum</span> <span class='ocrx_word' id='word_1_270' title='bbox 2451 3439 2458 3447; x_wconf 36' lang='grc'>,</span> 
     </span>
     <span class='ocr_line' id='line_1_33' title="bbox 413 3460 2485 3542; baseline 0.001 -18"><span class='ocrx_word' id='word_1_271' title='bbox 413 3466 573 3540; x_wconf 90' lang='lat' dir='ltr'>apud</span> <span class='ocrx_word' id='word_1_272' title='bbox 622 3466 869 3524; x_wconf 91' lang='lat' dir='ltr'>alterum</span> <span class='ocrx_word' id='word_1_273' title='bbox 919 3467 1227 3524; x_wconf 89' lang='lat' dir='ltr'>consulem</span> <span class='ocrx_word' id='word_1_274' title='bbox 1271 3464 1333 3522; x_wconf 92' lang='lat' dir='ltr'>in</span> <span class='ocrx_word' id='word_1_275' title='bbox 1384 3464 1588 3523; x_wconf 92' lang='lat' dir='ltr'>castris</span> <span class='ocrx_word' id='word_1_276' title='bbox 1638 3460 1813 3537; x_wconf 46' lang='lat' dir='ltr'>fecit⁴3</span> <span class='ocrx_word' id='word_1_277' title='bbox 1870 3466 2039 3540; x_wconf 91' lang='lat' dir='ltr'>isque</span> <span class='ocrx_word' id='word_1_278' title='bbox 2087 3467 2400 3526; x_wconf 90' lang='lat' dir='ltr'>confestim</span> <span class='ocrx_word' id='word_1_279' title='bbox 2429 3491 2485 3542; x_wconf 73' lang='lat'>13</span> 
     </span>
     <span class='ocr_line' id='line_1_34' title="bbox 412 3560 2399 3638; baseline 0.002 -18"><span class='ocrx_word' id='word_1_280' title='bbox 412 3580 574 3620; x_wconf 92' lang='lat' dir='ltr'>arma</span> <span class='ocrx_word' id='word_1_281' title='bbox 622 3580 832 3637; x_wconf 91' lang='lat' dir='ltr'>capere</span> <span class='ocrx_word' id='word_1_282' title='bbox 882 3561 1051 3620; x_wconf 91' lang='lat' dir='ltr'>iussis</span> <span class='ocrx_word' id='word_1_283' title='bbox 1102 3561 1434 3638; x_wconf 88' lang='lat' dir='ltr'>raptimque</span> <span class='ocrx_word' id='word_1_284' title='bbox 1485 3560 1715 3621; x_wconf 91' lang='lat' dir='ltr'>eductis</span> <span class='ocrx_word' id='word_1_285' title='bbox 1765 3560 1826 3619; x_wconf 93' lang='lat' dir='ltr'>in</span> <span class='ocrx_word' id='word_1_286' title='bbox 1874 3561 2065 3621; x_wconf 90' lang='lat' dir='ltr'>aciem</span> <span class='ocrx_word' id='word_1_287' title='bbox 2115 3563 2399 3623; x_wconf 90' lang='lat' dir='ltr'>militibus</span> 
     </span>
     <span class='ocr_line' id='line_1_35' title="bbox 410 3658 2396 3737; baseline 0 -18"><span class='ocrx_word' id='word_1_288' title='bbox 410 3669 800 3719; x_wconf 91' lang='lat' dir='ltr'>transversam</span> <span class='ocrx_word' id='word_1_289' title='bbox 830 3658 1090 3718; x_wconf 89' lang='lat' dir='ltr'>hostium</span> <span class='ocrx_word' id='word_1_290' title='bbox 1118 3659 1309 3717; x_wconf 87' lang='lat' dir='ltr'>aciem</span> <span class='ocrx_word' id='word_1_291' title='bbox 1343 3669 1523 3734; x_wconf 88' lang='lat' dir='ltr'>atque</span> <span class='ocrx_word' id='word_1_292' title='bbox 1550 3658 1668 3718; x_wconf 90' lang='lat' dir='ltr'>alio</span> <span class='ocrx_word' id='word_1_293' title='bbox 1695 3658 2016 3719; x_wconf 86' lang='lat' dir='ltr'>certamine</span> <span class='ocrx_word' id='word_1_294' title='bbox 2045 3672 2396 3737; x_wconf 86' lang='lat' dir='ltr'>occupatam</span> 
     </span>
    </p>
   </div>
  </div>
 </body>
</html>
