2909 4381
750 257 859 314 AB
903 257 1127 315 VRBE
1171 258 1559 318 CONDITA
1603 258 1759 316 LIB.
1808 258 1915 318 IX.
1961 278 2155 331 40-42

451 431 673 480 metum
704 422 964 481 fecerant
994 421 1245 499 expertis
1275 420 1505 480 Gallica
1533 422 1718 493 clade,
1750 439 1928 496 quam
1961 420 2208 479 intutam
2230 421 2436 480 urbem

450 516 787 576 incolerent.
876 517 1076 593 itaque
1115 516 1289 595 legati
1327 520 1406 577 ad
1450 516 1700 576 Fabium
1741 519 2047 577 consulem
2090 516 2251 577 missi
2281 528 2433 590 sunt,
2469 539 2519 575 ια

448 624 527 686 ut,
560 613 608 673 si
637 614 783 692 quid
812 614 1128 675 laxamenti
1155 635 1192 673 a
1234 615 1392 673 bello
1432 613 1786 674 Samnitium
1826 625 1996 687 esset,
2028 613 2090 673 in
2121 615 2434 675 Umbriam

446 730 693 788 propere
722 712 1041 772 exercitum
1072 714 1330 772 duceret.
1417 712 1581 771 dicto
1620 712 1812 790 paruit
1840 715 2047 772 consul
2089 712 2434 790 magnisque
2464 730 2518 778 13

446 807 752 871 itineribus
782 811 859 870 ad
890 809 1254 883 Mevaniam,
1293 808 1396 869 ubi
1436 820 1564 868 tum
1604 809 1812 886 copiae
1842 810 2208 870 Umbrorum
2249 821 2433 883 erant,

445 906 710 982 perrexit.
796 927 1008 984 repens
1050 908 1342 966 adventus
1385 905 1661 979 consuliS,
1709 925 1912 982 quem⁴
1934 908 2140 983 procul
2180 906 2433 967 Umbria
2460 929 2520 977 14

445 1002 503 1062 in
548 1004 790 1064 Samnio
833 1005 992 1065 bello
1032 1003 1150 1063 alio
1193 1013 1550 1080 occupatum
1595 1002 1982 1075 crediderant,
2029 1002 2110 1063 ita
2158 1004 2433 1064 exterruit

444 1102 729 1175 UmbrOS,
779 1112 843 1161 ut
898 1100 996 1161 alii
1053 1102 1456 1162 recedendum
1507 1103 1585 1160 ad
1632 1102 1808 1160 urbes
1866 1101 2136 1173 munitaS‚
2187 1100 2430 1177 quidam

442 1198 840 1258 omittendum
872 1199 1093 1259 bellum
1124 1209 1434 1259 censerent
1453 1220 1472 1272 3
1514 1200 1685 1274 plaga
1724 1199 2282 1257 una—Materinam
2318 1198 2430 1276 ipsi
2460 1218 2515 1268 15

440 1298 945 1373 appellant—non
982 1294 1275 1354 continuit
1317 1295 1504 1354 modo
1539 1305 1766 1355 ceteros
1806 1294 1867 1353 in
1909 1294 2100 1368 armiS,
2146 1297 2250 1355 sed
2294 1314 2431 1355 con-

440 1392 634 1452 festim
673 1394 751 1452 ad
792 1402 1089 1453 certamen
1132 1392 1264 1469 egit.
1351 1403 1542 1453 castra
1583 1394 1899 1452 vallantem
1944 1391 2195 1452 Fabium
2238 1394 2429 1455 adorti

441 1500 594 1548 sunt.
680 1509 830 1567 quos
880 1489 983 1549 ubi
1026 1490 1242 1550 effusos
1284 1508 1452 1550 ruere
1495 1489 1556 1548 in
1601 1490 1970 1550 munimenta
2011 1493 2218 1550 consul
2260 1490 2423 1565 vidit,
2455 1496 2515 1546 16

438 1597 741 1647 revocatos
799 1586 1012 1646 milites
1061 1586 1138 1646 ab
1185 1606 1378 1664 opere,
1433 1597 1609 1663 prout
1654 1586 1768 1646 loci
1818 1598 2025 1646 natura
2075 1598 2428 1665 tempusque

438 1683 783 1760 patiebatur,
825 1683 907 1743 ita
949 1682 1259 1756 instruxit3
1307 1684 1769 1758 cohortatusque
1811 1683 2250 1760 praedicatione
2291 1705 2426 1744 vera

437 1800 557 1855 qua
592 1779 655 1838 in
694 1779 920 1850 TusciS,
964 1798 1083 1855 qua
1120 1778 1181 1836 in
1222 1777 1466 1837 Samnio
1502 1789 1803 1854 partorum
1842 1780 2126 1838 decorum
2156 1779 2423 1856 exiguam

436 1875 828 1953 appendicem
877 1875 1108 1934 Etrusci
1155 1873 1294 1933 belli
1344 1874 1638 1934 conficere
1690 1874 1855 1934 iubet
1899 1886 1959 1934 et
2004 1875 2164 1935 vocis
2206 1875 2423 1953 impiae

436 1993 658 2050 poenas
705 1983 991 2050 expetere,
1040 1992 1159 2049 qua
1203 1991 1266 2031 se
1323 1972 1533 2031 urbem
1592 1974 1929 2031 Romanam
1980 1983 2422 2049 oppugnaturos

436 2069 641 2129 minati
675 2080 827 2129 sunt.
915 2071 1062 2128 haec
1101 2079 1264 2128 tanta
1302 2079 1438 2127 sunt
1481 2068 1780 2128 alacritate
1817 2068 2068 2127 militum
2107 2069 2326 2142 audita,
2358 2080 2422 2130 ut
2449 2086 2505 2139 17

434 2170 655 2229 clamor
691 2187 798 2228 sua
838 2177 1049 2245 sponte
1093 2177 1254 2227 ortus
1297 2168 1643 2244 loquentem
1687 2165 2141 2243 interpellaverit
2184 2167 2416 2228 ducem.

431 2276 569 2325 ante
598 2264 927 2342 imperium,
958 2275 1097 2324 ante
1125 2275 1486 2324 concentum
1516 2264 1790 2323 tubarum
1820 2284 1891 2323 ac
1926 2284 2215 2324 cornuum
2245 2285 2418 2326 cursu

432 2364 617 2421 effuso
673 2361 734 2421 in
789 2364 1021 2422 hostem
1078 2363 1357 2421 feruntur.
1446 2381 1570 2421 non
1628 2372 1932 2437 tamquam
1989 2360 2050 2420 in
2108 2361 2261 2422 viros
2316 2374 2419 2423 aut
2446 2375 2503 2422 18

429 2472 683 2520 armatos
712 2459 1015 2520 incurrunt
1038 2481 1055 2533 3
1097 2458 1388 2520 mirabilia
1408 2458 1590 2533 dictu,
1624 2458 1789 2536 signa
1810 2458 2002 2537 primo
2033 2459 2178 2536 eripi
2207 2472 2419 2538 coepta

428 2556 729 2635 signiferiS,
761 2557 980 2617 deinde
1007 2555 1120 2634 ipsi
1148 2555 1406 2633 signiferi
1436 2555 1587 2616 trahi
1614 2557 1692 2616 ad
1735 2558 2059 2629 consulem,
2092 2556 2417 2633 armatique

429 2655 640 2715 milites
682 2674 755 2733 ex
790 2653 917 2714 acie
951 2653 1012 2712 in
1051 2652 1242 2713 aciem
1277 2652 1594 2728 transferri,
1635 2664 1710 2725 et,
1750 2653 1940 2713 sicubi
1979 2665 2067 2713 est
2096 2665 2411 2727 certamen,

427 2751 606 2813 scutis
655 2751 839 2828 magis
886 2770 1066 2828 quam
1110 2750 1319 2832 gladiis
1367 2749 1586 2827 geritur
1627 2769 1717 2809 res
1738 2772 1754 2823 3
1814 2751 2177 2810 umbonibus
2223 2750 2411 2811 incus·

424 2870 605 2926 saque
633 2852 726 2909 ala
763 2858 1099 2908 sternuntur
1138 2849 1354 2907 hosteS.
1441 2849 1575 2923 plus
1613 2845 1841 2924 capitur
1882 2846 2192 2907 hominum
2227 2868 2404 2925 quam
2438 2875 2497 2925 19

423 2946 699 3020 caeditur,
742 2956 921 3022 atque
960 2965 1080 3003 una
1108 2965 1221 3004 vox
1254 2963 1476 3022 ponere
1515 2964 1676 3003 arma
1715 2943 2047 3004 iubentium
2088 2965 2191 3023 per
2219 2956 2403 3007 totam

421 3047 599 3104 fertur
651 3042 856 3103 aciem.
944 3042 1142 3117 itaque
1185 3039 1336 3100 inter
1384 3041 1580 3118 ipsum
1630 3050 1927 3101 certamen
1971 3044 2124 3101 facta
2179 3044 2405 3104 deditio
2432 3072 2494 3107 20

364 3187 367 3192 «
418 3154 507 3203 est
555 3163 591 3222 a
645 3140 846 3220 primis
902 3139 1243 3199 auctoribus
1299 3138 1456 3198 belli.
1543 3149 1781 3215 postero
1837 3138 2405 3218 insequentibusque

417 3240 629 3299 diebus
678 3249 737 3298 et
782 3236 960 3297 ceteri
996 3235 1361 3298 Umbrorum
1414 3229 1620 3313 populi
1670 3237 2008 3309 deduntur,
2065 3236 2402 3298 Ocriculani

417 3335 736 3412 sponsione
764 3337 825 3393 in
853 3332 1173 3393 amicitiam
1202 3332 1447 3410 accepti.

498 3431 732 3504 Fabius,
780 3430 1006 3491 alienae
1056 3429 1227 3490 sortis
1277 3430 1465 3490 victor
1514 3428 1670 3502 belli,
1715 3428 1777 3488 in
1826 3448 1992 3489 suam
2037 3431 2398 3508 provinciam
2425 3445 2513 3511 42

414 3528 733 3589 exercitum
779 3527 1022 3588 reduxit.
1108 3527 1308 3604 itaque
1364 3530 1417 3587 ei
1464 3528 1545 3587 ob
1599 3547 1689 3587 res
1732 3537 1851 3587 tam
1901 3527 2146 3588 feliciter
2186 3541 2392 3606 gestam,
2430 3557 2452 3588 2

414 3627 565 3687 sicut
614 3625 805 3703 priore
852 3645 1012 3685 anno
1060 3628 1314 3702 populus
1370 3624 1813 3685 continuaverat
1869 3629 2257 3699 consulatum,
2319 3627 2397 3686 ita
