2909 4381
744 260 852 317 AB
894 259 1120 316 VRBE
1162 258 1550 318 CONDITA
1595 259 1747 316 LIB.
1796 258 1901 315 IX.
1947 260 2065 329 4-6

426 418 678 480 ludibria
705 419 939 480 victoris
969 430 1027 481 et
1048 422 1243 481 vultus
1272 421 1559 498 superbos
1588 432 1647 481 et
1674 440 1779 498 per
1805 431 2060 480 armatos
2089 418 2400 479 inermium

426 515 550 588 iter,
598 516 738 576 inde
785 516 947 577 foedi
994 517 1244 594 agminis
1294 518 1689 578 miserabilem
1739 517 1893 577 viam
1949 537 2053 594 per
2107 516 2400 577 sociorum
2426 537 2459 588 9
2485 495 2626 554 *5‘0
2645 536 2659 551 ’
2685 528 2724 553 ‘-

426 614 617 686 urbeS‚
669 613 924 674 reditum
979 613 1042 673 in
1098 614 1346 691 patriam
1402 616 1482 675 ad
1536 626 1824 693 parenteS,
1884 634 2005 691 quo
2062 634 2236 691 saepe
2291 611 2404 690 ipsi
2477 596 2510 671 [¹
2537 598 2554 609 ⁴
2599 600 2644 613 ‘⁵

426 709 797 787 maioresque
838 730 1042 771 eorum
1092 710 1524 789 triumphantes
1567 712 1898 772 venissent:
1958 732 2022 771 se
2070 713 2228 771 solos
2277 709 2404 768 sine
2434 736 2495 772 10

425 808 681 879 vulnere,
735 806 863 868 sine
910 809 1078 881 ferro,
1130 807 1258 868 sine
1312 808 1440 870 acie
1492 808 1716 883 victos;
1779 808 1890 868 sibi
1947 828 2069 867 non
2125 806 2406 883 stringere

426 902 659 964 licuisse
686 903 931 981 gladiOS,
956 924 1080 965 non
1110 924 1352 965 manum
1376 925 1514 965 cum
1537 908 1709 966 hoste
1731 907 1995 965 conferre
2015 925 2032 976 3
2069 903 2182 964 sibi
2205 901 2406 979 nequi·

426 1019 606 1076 quam
632 1001 865 1061 animos
894 1004 1084 1063 datos.
1170 1004 1319 1062 haec
1346 1002 1734 1063 frementibus
1773 1004 1919 1062 hora
1946 1000 2133 1060 fatalis
2162 999 2406 1076 ignomi·
2434 1023 2489 1059 11

426 1097 559 1157 niae
586 1098 840 1172 advenit,
873 1098 1076 1159 omnia
1104 1098 1356 1160 tristiora
1383 1098 1747 1177 experiundo
1775 1101 2011 1170 factura,
2043 1116 2406 1180 Q

426 1204 844 1279 praecep-erant
870 1195 1099 1255 animis,
1171 1196 1290 1255 iam
1319 1195 1576 1273 primum
1607 1215 1743 1255 cum
1773 1195 2013 1272 singulis
2042 1193 2406 1255 vestimentis
2434 1217 2490 1251 12

427 1288 700 1352 inermes.
727 1301 888 1351 extra
935 1294 1154 1351 vallum
1204 1291 1359 1352 exire
1409 1291 1568 1364 iussi,
1615 1303 1674 1351 et
1715 1291 1887 1368 primi
1929 1291 2124 1352 traditi
2166 1291 2405 1352 obsides

426 1396 605 1462 atque
633 1386 695 1445 in
723 1387 1055 1448 custodiam
1082 1388 1345 1465 abducti.
1405 1398 1532 1448 tum
1560 1407 1596 1448 a
1624 1387 1966 1448 consulibus
1988 1387 2149 1447 abire
2172 1388 2405 1448 lictores
2435 1413 2495 1462 13

426 1480 569 1542 iussi
610 1484 1148 1562 paludamentaque
1192 1487 1490 1546 detracta:
1539 1486 1606 1544 id
1638 1495 1860 1544 tantam
1900 1484 2051 1545 inter
2087 1484 2264 1562 ipSOS,
2302 1484 2406 1561 qui

426 1580 605 1656 paulo
631 1590 770 1639 ante
808 1600 912 1640 eos
945 1591 1313 1641 exsecrantes
1350 1583 1662 1642 dedendos
1703 1583 2168 1657 lacerandosque
2202 1601 2404 1641 censu-

427 1686 606 1747 erant,
634 1674 1071 1737 miserationem
1093 1677 1246 1749 fecit,
1269 1688 1334 1736 ut
1363 1697 1504 1736 suae
1526 1677 1777 1753 quisque
1795 1676 2164 1737 condicionis
2187 1677 2405 1737 oblitus
2437 1698 2494 1746 14

426 1770 504 1830 ab
552 1770 650 1831 illa
694 1772 1124 1833 deformatione
1174 1783 1371 1832 tantae
1429 1772 1749 1832 maiestatis
1799 1775 1958 1832 velut
2011 1772 2089 1832 ab
2144 1775 2404 1851 nefan—dp

429 1871 767 1945 spectaculo
794 1881 1079 1931 averteret
1107 1872 1330 1930 oculos,
1390 1868 1565 1946 primi
1593 1871 1867 1929 consules
1895 1888 2079 1946 prope
2108 1868 2404 1929 seminudi
2427 1878 2470 1935 6

428 1964 539 2023 sub
582 1964 782 2042 iugum
822 1967 1001 2039 missi,
1034 1979 1160 2027 tum
1204 1977 1270 2027 ut
1307 1966 1560 2043 quisque
1602 1968 1785 2046 gradu
1821 1966 2119 2043 proximus
2155 1977 2292 2039 erat,
2325 1967 2405 2026 ita

428 2060 787 2138 ignominiae
826 2063 1113 2136 obiectuS‚
1155 2074 1282 2123 tum
1322 2063 1606 2141 deinceps
1644 2062 1907 2140 singulae
1942 2063 2217 2140 legiones,
2305 2063 2408 2122 cir·
2432 2091 2457 2127 2

428 2160 802 2221 cumstabant
828 2160 1037 2221 armati
1059 2163 1276 2234 hosteS,
1298 2161 1717 2239 exprobrantes
1741 2162 2168 2238 eludentesque
2188 2182 2204 2236 3
2230 2159 2408 2238 gladii

428 2256 606 2316 etiam
640 2257 934 2335 plerisque
972 2258 1259 2331 intentati,
1293 2270 1351 2319 et
1389 2258 1677 2319 vulnerati
1716 2258 1960 2336 quidam
1998 2258 2326 2335 necatique,
2358 2258 2407 2318 si

427 2357 622 2413 vultus
656 2375 861 2415 eorum
897 2354 1246 2432 indignitate
1274 2377 1470 2416 rerum
1508 2357 1697 2416 acrior
1723 2355 2006 2417 victorem
2045 2357 2404 2417 offendisset.

427 2450 508 2510 ita
549 2454 801 2512 traducti
850 2453 961 2512 sub
1017 2452 1218 2530 iugum
1265 2465 1341 2527 et,
1393 2457 1558 2531 quod
1607 2475 1797 2532 paene
1844 2454 2074 2530 gravius
2123 2464 2260 2526 erat,
2305 2474 2409 2531 per
2432 2477 2462 2525 3

427 2548 687 2608 hostium
717 2552 938 2622 ocu108‚
972 2570 1108 2610 cum
1138 2572 1172 2610 e
1201 2553 1352 2611 saltu
1386 2554 1724 2624 evasissent,
1758 2551 1867 2611 etsi
1903 2553 2061 2611 velut
2095 2551 2172 2610 ab
2211 2550 2407 2610 inseris

361 2639 367 2646 ’
427 2645 669 2705 extracti
702 2656 829 2705 tum
867 2646 1122 2722 primum
1158 2650 1352 2707 lucem
1389 2649 1695 2725 adspicere
1724 2647 1830 2707 visi
1870 2656 2021 2718 sunt,
2054 2657 2252 2706 tamen
2281 2647 2409 2724 ipsa

426 2744 525 2801 lux
552 2741 634 2801 ita
662 2744 928 2803 deforme
968 2743 1335 2804 intuentibus
1369 2765 1583 2821 agmen
1623 2744 1786 2804 omni
1823 2754 2010 2803 morte
2039 2742 2254 2803 tristior
2282 2744 2408 2803 fuit.
2481 2739 2502 2780 ¹
2519 2743 2548 2792 ἰ

426 2836 625 2914 itaque
655 2859 791 2899 cum
821 2851 959 2900 ante
987 2851 1226 2901 noctem
1269 2843 1537 2918 Capuam
1575 2840 1877 2918 pervenire
1911 2851 2173 2918 possent,
2202 2841 2406 2902 incerti
2428 2865 2461 2914 4

426 2937 502 2994 de
544 2937 662 2995 fide
707 2937 999 2996 sociorum
1044 2947 1103 2997 et
1145 2940 1309 3014 quod
1352 2940 1545 3016 pudor
1587 2938 2019 3023 praepediebat,
2058 2938 2213 2997 circa
2250 2938 2404 2997 viam

425 3035 584 3093 haud
627 3035 833 3110 procul
878 3036 1086 3111 Capua
1123 3033 1623 3111 offijumgena
1665 3054 1911 3111 corpora
1952 3034 2119 3093 humi
2161 3046 2408 3111 prostra-

423 3141 649 3190 verunt.
735 3132 899 3206 quod
937 3130 1041 3190 ubi
1083 3142 1172 3190 est
1202 3133 1472 3209 Capuam
1507 3131 1858 3204 nuntiatum,
1892 3131 2066 3191 evicit
2108 3132 2404 3192 miseratio
2434 3156 2460 3204 5

422 3227 576 3287 iusta
604 3227 898 3287 sociorum
937 3228 1272 3305 superbiam
1308 3228 1631 3305 ingenitam
1668 3230 2003 3304 Campanis,
2091 3230 2403 3289 confestim
2428 3245 2461 3295 6

422 3323 673 3401 insignia
716 3345 822 3384 sua
862 3325 1222 3398 consulibus,
1264 3328 1452 3385 fasces
1496 3325 1746 3397 lictoreS,
1788 3344 1950 3384 arma
1991 3346 2194 3403 equos,
2236 3327 2404 3387 vesti-

423 3433 622 3481 menta
650 3434 1017 3482 commeatus
1047 3422 1331 3482 militibus
1362 3421 1617 3501 ben-igne
1641 3422 1881 3481 mittunt
1901 3443 1918 3495 3
1950 3433 2009 3482 et
2030 3424 2401 3483 venientibus
2431 3440 2457 3494 7

423 3519 689 3596 Capuam
721 3531 969 3579 cunctus
1000 3531 1237 3579 senatus
1265 3520 1641 3596 populusque
1670 3519 1907 3579 obviam
1936 3539 2200 3596 egressus
2239 3520 2404 3579 iustis

421 3615 700 3676 omnibus
730 3616 1118 3693 hospitalibus
1146 3616 1506 3696 privatisque
1528 3627 1586 3677 et
1615 3616 1868 3694 publicis
1897 3616 2155 3694 fungitur
2175 3617 2400 3679 officiiS.
