2909 4381
679 286 787 344 AB
832 284 1060 342 VRBE
1103 282 1492 345 CONDITA
1536 284 1690 341 LIB.
1741 284 1846 340 IX.
1895 298 2084 358 23-25

385 446 656 506 hostibus
679 455 852 522 capta
874 455 998 518 est3
1039 443 1359 517 defendite,
1383 443 1465 503 ite
1484 445 1514 501 '.
1583 446 1729 503 haec
1751 445 2020 504 incidens
2044 444 2375 522 principum
2406 469 2464 504 10

384 543 625 616 foribus,
659 545 805 602 haec
835 541 1040 613 obviiS,
1076 543 1221 600 haec
1251 541 1694 601 excurrentibus
1724 543 1785 600 in
1814 542 2120 618 publicum
2151 542 2378 619 pavidis

385 643 663 718 increpat.
749 650 1062 715 acceptum
1120 639 1197 697 ab
1254 658 1375 696 uno
1432 658 1709 715 pavorem
1767 642 1961 715 plures
2018 659 2121 716 per
2170 640 2376 700 urbem
2412 660 2462 695 11

385 742 595 800 ferunt.
684 736 897 814 trepidi
937 735 1306 812 magistratus
1347 735 1539 794 missis
1573 738 1652 796 ad
1685 756 1881 796 arcem
1914 737 2379 813 exploratoribus

386 856 525 895 cum
581 838 699 896 tela
755 845 815 895 et
870 843 1128 894 armatos
1178 844 1379 894 tenere
1434 854 1632 894 arcem
1684 835 2074 910 multiplicato
2131 855 2381 895 numero

387 932 675 1006 audirent,
721 942 991 992 avertunt
1032 933 1264 990 animos
1305 951 1342 991 a
1385 950 1490 1008 spe
1532 934 1968 1007 recuperandae
2010 931 2159 992 arcis
2179 954 2196 1005 3
2245 934 2382 1008 fuga
2410 952 2467 986 12

388 1040 604 1090 cuncta
658 1030 1033 1106 complentur
1083 1039 1406 1105 portaeque
1457 1029 1533 1087 ab
1584 1027 1960 1088 semisomnis
2004 1049 2076 1088 ac
2126 1029 2381 1090 maxima

387 1137 552 1205 parte
581 1127 906 1187 inermibus
938 1126 1346 1203 refringuntur,
1381 1145 1630 1202 quarum
1672 1146 1776 1203 per
1804 1146 1984 1186 unam
2020 1127 2379 1204 praesidium

391 1227 734 1285 Romanum
777 1225 1037 1283 clamore
1065 1222 1385 1283 excitatum
1413 1222 1684 1300 irrumpit
1713 1233 1774 1283 et
1812 1234 2234 1284 concursantes
2276 1244 2381 1301 per

387 1323 510 1382 vias
553 1321 802 1400 pavidos
846 1321 1059 1381 caedit.
1145 1319 1263 1379 iam
1307 1322 1452 1380 Sora
1502 1331 1675 1397 capta
1725 1332 1863 1393 erat,
1918 1342 2054 1381 cum
2106 1325 2380 1382 consules
2410 1340 2467 1387 13

388 1419 578 1497 prima
615 1420 750 1479 luce
787 1420 1081 1479 advenere
1119 1428 1194 1490 et,
1227 1437 1379 1494 quos
1418 1417 1677 1494 reliquos
1717 1421 1953 1479 fortuna
1990 1440 2062 1480 ex
2091 1430 2381 1480 nocturna

389 1519 575 1577 caede
623 1536 695 1576 ac
743 1519 882 1593 fuga
929 1518 1164 1587 fecerat,
1219 1513 1279 1573 in
1332 1515 1702 1576 deditionem
1758 1516 2073 1595 accipiunt.
2160 1538 2232 1577 ex
2286 1518 2378 1575 his
2410 1542 2465 1589 ยน4

388 1616 681 1676 ducentos
723 1612 927 1691 viginti
979 1612 1258 1689 quinque,
1307 1612 1408 1689 qui
1460 1613 1730 1673 omnium
1781 1634 2076 1675 consensu
2129 1614 2377 1674 destina-

390 1711 604 1771 bantur
635 1722 695 1771 et
725 1710 1002 1770 infandae
1025 1711 1375 1769 colonorum
1406 1709 1606 1768 caedis
1637 1720 1695 1769 et
1715 1709 2066 1769 defectionis
2088 1721 2374 1782 auctoreS,

389 1807 622 1869 vinctos
667 1810 924 1867 Romam
969 1807 1276 1866 deducunt
1297 1827 1314 1878 3
1370 1816 1625 1864 ceteram
1671 1805 2114 1865 multitudinem
2158 1806 2381 1867 incolu-
2415 1828 2418 1829 โท

392 1925 551 1966 mem
601 1904 896 1983 praesidio
952 1902 1236 1980 imposito
1286 1904 1468 1963 Sorae
1530 1902 1885 1981 relinquunt.
1993 1923 2217 1977 omneS,
2279 1905 2464 1981 qui15

393 2006 651 2063 Romam
682 2000 926 2062 deducti
955 2010 1136 2072 erant,
1164 1999 1338 2076 virgis
1368 1999 1430 2059 in
1459 2001 1589 2060 foro
1614 1999 1771 2060 caesi
1799 2020 1870 2060 ac
1901 2000 2091 2060 securi
2119 2002 2380 2078 percussi

392 2120 628 2160 summo
655 2097 875 2176 gaudio
903 2097 1111 2175 plebis,
1144 2097 1313 2157 cuius
1337 2097 1592 2157 maxime
1613 2097 1889 2180 intererat
1919 2109 2106 2158 tutam
2137 2099 2375 2175 ubique,

393 2216 546 2274 quae
575 2196 794 2274 passim
824 2196 886 2255 in
915 2195 1180 2256 colonias
1212 2195 1555 2269 mitteretur,
1589 2196 2030 2257 multitudinem
2061 2217 2206 2258 esse.

474 2296 767 2356 Consules
797 2294 874 2354 ab
897 2295 1043 2354 Sora
1074 2294 1320 2369 profecti
1359 2292 1421 2351 in
1449 2312 1619 2371 agros
1648 2303 1829 2371 atque
1858 2295 2033 2355 urbes
2064 2297 2376 2354 Ausonum
2405 2311 2481 2371 25

392 2392 615 2452 bellum
657 2391 998 2451 intulerunt.
1089 2401 1252 2450 mota
1293 2411 1552 2468 namque
1594 2390 1797 2451 omnia
1844 2393 2104 2452 adventu
2154 2392 2380 2452 Samni-
2409 2423 2431 2456 2

394 2488 565 2563 tium,
592 2508 732 2548 cum
776 2490 938 2565 apud
984 2490 1264 2547 Lautulas
1308 2488 1654 2548 dimicatum
1699 2498 1805 2562 est,
1848 2491 2078 2549 fuerant
2116 2490 2379 2550 coniura-

393 2586 706 2664 tionesque
736 2585 892 2646 circa
921 2585 1315 2663 Campaniam
1345 2585 1563 2663 passim
1604 2589 1830 2661 factae3
1873 2607 1986 2647 nec
2015 2589 2223 2664 Capua
2253 2588 2380 2665 ipsa

394 2683 640 2744 crimine
697 2685 885 2743 caruit
905 2705 922 2756 3
983 2683 1148 2760 quin*
1186 2686 1443 2742 Romam
1502 2703 1743 2760 quoque
1799 2694 1858 2743 et
1911 2686 1990 2742 ad
2045 2684 2377 2761 principum
2407 2702 2433 2749 3

393 2782 687 2857 quosdam
727 2779 1083 2857 inquirendo
1111 2789 1354 2839 ventum
1393 2789 1498 2839 est.
1586 2789 1846 2839 ceterum
1879 2782 2190 2838 Ausonum
2233 2800 2377 2857 gens

392 2876 730 2953 proditione
758 2875 1010 2947 urbium,
1045 2875 1196 2935 sicut
1225 2877 1386 2948 Sora,
1417 2874 1480 2933 in
1509 2886 1865 2952 potestatem
1895 2876 2071 2936 venit.
2133 2880 2377 2937 Ausona
2402 2903 2433 2950 4

393 2983 452 3032 et
497 2972 841 3033 Minturnae
883 2982 942 3032 et
984 2971 1201 3031 Vescia
1248 2972 1423 3032 urbes
1468 2982 1648 3046 erant,
1695 2993 1765 3032 ex
1815 2972 2031 3049 quibus
2081 2973 2376 3051 principes

391 3069 710 3130 iuventutis
732 3068 1052 3130 duodecim
1082 3088 1330 3128 numero
1358 3068 1420 3127 in
1449 3069 1846 3145 proditionem
1876 3069 2110 3129 urbium
2141 3090 2376 3130 suarum

393 3167 681 3227 coniurati
735 3168 815 3227 ad
863 3167 1137 3226 consules
1182 3165 1463 3239 veniunt3
1521 3168 1742 3226 docent
1791 3186 1929 3226 suos
1980 3166 2095 3226 iam
2146 3168 2372 3244 pridem
2404 3189 2430 3239 5

394 3274 737 3342 exoptantes
777 3262 1131 3323 Samnitium
1168 3263 1505 3335 adventum,
1540 3262 1714 3322 simul
1742 3265 1820 3321 ad
1851 3264 2131 3323 Lautulas
2161 3284 2376 3342 pugna-

395 3374 521 3423 tum
542 3361 873 3434 audierunt,
899 3380 1006 3437 pro
1028 3358 1196 3420 victis
1216 3361 1523 3419 Romanos
1546 3359 1840 3433 habuisse,
1867 3359 2170 3420 iuventute
2198 3363 2374 3421 armis

394 3459 721 3521 Samnitem
779 3457 992 3517 iuvisse
1010 3479 1028 3531 3
1090 3456 1301 3532 fugatis
1350 3456 1492 3516 inde
1542 3456 1904 3516 Samnitibus
1955 3457 2177 3519 incerta
2227 3480 2373 3537 pace
2398 3474 2429 3523 6

397 3576 565 3634 agere
603 3575 713 3615 nec
752 3556 1094 3615 claudentes
1124 3564 1321 3630 portas
1361 3552 1666 3626 RomaniS,
1700 3557 1777 3613 ne
1804 3567 2102 3615 arcessant
2129 3558 2375 3631 bellum,

397 3666 453 3715 et
509 3653 838 3713 obstinatos
897 3652 1186 3724 claudere,
1247 3650 1295 3709 si
1350 3650 1638 3710 exercitus
1694 3652 2113 3712 admoveatur:
2177 3653 2238 3712 in
2305 3674 2374 3712 ea

495 3786 589 3816 uvv
616 3785 660 3815 rx
2205 3759 2244 3796 D
