2909 4381
1332 230 1406 290 T.
1454 231 1631 289 LIVI

406 412 461 448 12
490 386 847 447 condicione
875 408 1037 448 arma
1065 389 1200 451 viris
1243 392 1304 449 in
1345 411 1509 450 arma
1551 391 1704 451 natis
1745 382 1972 453 auferre
2000 393 2295 454 festinant.
2379 413 2475 466 an,

492 484 541 547 si
582 504 726 549 sana
774 507 943 547 mens
985 487 1205 560 fuisset,
1237 488 1475 549 difficile
1514 489 1625 548 illis
1656 490 1781 563 fuit,
1812 493 1959 552 dum
1989 511 2160 552 senes
2187 492 2265 551 ab
2294 494 2477 552 domo

492 583 570 640 ad
600 585 1059 643 consultandum
1088 597 1414 658 accersunt,
1448 585 1678 647 mittere
1719 590 1977 647 Romam
2013 591 2281 665 legatos?
2340 608 2477 648 cum

408 700 466 748 13
495 691 719 754 senatu,
750 701 887 740 cum
931 685 1154 759 populo
1198 684 1274 742 de
1308 703 1457 760 pace
1491 704 1561 743 ac
1602 686 1841 745 foedere
1883 688 2100 762 agere?
2155 685 2332 746 tridui
2373 685 2481 744 iter

495 777 781 855 expeditis
837 789 1000 852 erat,
1062 779 1284 840 interea
1341 780 1402 839 in
1459 780 1704 841 indutiis
1760 802 1850 841 res
1900 783 2119 855 fuisset,
2170 784 2365 842 donec
2402 783 2481 841 ab

497 877 694 934 Roma
722 875 896 951 legati
925 887 1027 935 aut
1055 876 1361 936 victoriam
1402 877 1516 937 illis
1546 890 1767 938 certam
1796 890 1899 939 aut
1926 899 2136 957 pacem
2165 882 2475 940 adferrent.

496 992 567 1032 ea
595 974 838 1032 demum
863 972 1104 1048 sponsio
1123 985 1294 1046 esset,
1320 993 1502 1051 quam
1525 975 1729 1053 populi
1752 975 1913 1035 iussu
1933 977 2477 1053 spopondissemus

410 1090 472 1139 14
499 1071 604 1130 sed
642 1089 837 1145 neque
865 1089 971 1129 vos
1014 1070 1310 1143 tulissetiS,
1340 1091 1451 1131 nec
1496 1091 1606 1131 nos
1649 1073 2195 1150 spopondissemuS,
2243 1093 2354 1133 nec
2395 1075 2482 1132 fas

498 1167 608 1226 fuit
647 1169 829 1226 alium
875 1180 1068 1226 rerum
1115 1167 1335 1227 exitum
1382 1188 1528 1242 esse,
1576 1189 1755 1245 quam
1801 1181 1867 1229 ut
1916 1156 1998 1229 illi
2042 1172 2202 1231 velut
2248 1170 2483 1230 somnio

413 1277 473 1326 15
498 1263 755 1336 laetiore,
787 1282 966 1339 quam
1009 1265 1174 1341 quod
1217 1276 1447 1324 mentes
1490 1285 1696 1324 eorum
1737 1286 1946 1343 capere
1987 1278 2248 1344 possent,
2281 1265 2484 1343 nequi-

499 1380 679 1436 quam
722 1361 1099 1420 eluderentur
1140 1371 1199 1420 et
1243 1372 1512 1421 nostrum
1548 1362 1867 1422 exercitum
1910 1366 2137 1435 eadem,
2184 1383 2337 1440 quae
2381 1363 2487 1421 im-

498 1457 778 1535 pedierat,
810 1459 1044 1518 fortuna
1085 1458 1401 1534 expediret,
1435 1478 1649 1517 vanam
1691 1458 1991 1518 victoriam
2022 1459 2228 1519 vanior
2264 1458 2485 1518 irritam

500 1557 716 1614 faceret
744 1574 874 1630 pax,
907 1553 1150 1631 sponsio
1193 1554 1677 1632 interponeretur,
1713 1575 1867 1632 quae
1909 1555 2212 1615 neminem
2256 1566 2487 1632 praeter

415 1663 476 1712 16
502 1671 849 1729 sponsorem
908 1651 1207 1729 obligaret.
1296 1652 1441 1729 quid
1498 1653 1659 1713 enim
1716 1653 2044 1725 vobiscum,
2098 1663 2292 1730 patres
2350 1671 2489 1712 con-

503 1748 718 1827 scripti,
772 1747 918 1825 quid
969 1769 1105 1809 cum
1155 1752 1379 1827 populo
1431 1752 1712 1810 Romano
1768 1761 1968 1810 actum
2014 1753 2149 1810 est?
2206 1748 2339 1826 quis
2383 1767 2489 1807 vos

501 1848 796 1923 appellare
835 1854 1051 1922 potest,
1089 1845 1220 1922 quis
1260 1867 1323 1906 se
1360 1867 1396 1905 a
1436 1847 1607 1906 vobis
1650 1849 1846 1906 dicere
1887 1848 2250 1923 deceptum?
2306 1844 2490 1903 hostis

501 1963 579 2002 an
622 1943 808 2002 civis?
864 1943 1020 2000 hosti
1063 1942 1209 2000 nihil
1252 1943 1673 2019 spopondistiS,
1726 1942 1917 2000 civem
1967 1941 2267 2001 neminem
2310 1961 2487 2017 spon-

420 2063 477 2116 17
505 2043 645 2100 dere
674 2059 780 2114 pro
809 2037 978 2096 vobis
1008 2037 1270 2097 iussistis
1358 2037 1505 2097 nihil
1535 2057 1673 2114 ergo
1701 2037 1869 2096 vobis
1900 2056 2011 2096 nec
2040 2037 2353 2096 nobiscum
2384 2047 2493 2112 est,

507 2134 722 2213 quibus
765 2133 913 2193 nihil
956 2133 1295 2206 mandastiS,
1329 2153 1441 2193 nec
1484 2153 1622 2193 cum
1666 2132 2046 2207 SamnitibuS,
2094 2152 2232 2193 cum
2275 2132 2492 2211 quibus

424 2250 480 2297 18
507 2232 654 2292 nihil
710 2231 923 2309 egistis.
1010 2230 1375 2294 Samnitibus
1433 2251 1748 2308 sponsores
1805 2251 1915 2291 nos
1965 2251 2180 2290 sumus
2225 2231 2308 2293 tei
2354 2230 2494 2290 satis

509 2332 833 2406 locupletes
876 2328 938 2387 in
981 2328 1060 2400 id,
1107 2329 1272 2404 quod
1313 2338 1584 2390 nostrum
1627 2336 1733 2401 est,
1774 2327 1836 2387 in
1879 2328 1959 2400 id,
1992 2330 2158 2405 quod
2201 2338 2495 2404 praestare

508 2445 842 2503 possumuS,
874 2444 1122 2502 corpora
1162 2434 1364 2483 nostra
1404 2435 1465 2483 et
1506 2423 1776 2484 animos:
1821 2423 1882 2482 in
1925 2426 2072 2488 haec
2114 2423 2394 2497 saeviant,
2433 2424 2496 2483 in

510 2527 658 2584 haec
687 2525 919 2595 ferrum,
952 2522 1015 2582 in
1044 2524 1191 2581 haec
1219 2521 1334 2581 iras
1361 2532 1594 2580 acuant.
1682 2522 1847 2598 quod
1876 2522 1953 2580 ad
1973 2520 2241 2580 tribunos
2269 2520 2496 2594 attinet,

427 2644 486 2694 19
511 2621 817 2694 consulite,
849 2630 1047 2679 utrum
1090 2638 1369 2697 praesens
1409 2617 1639 2678 deditio
1678 2637 1884 2677 eorum
1925 2617 2049 2677 fieri
2094 2617 2282 2694 possit
2319 2638 2396 2678 an
2435 2617 2498 2677 in

511 2719 672 2778 diem
701 2718 1000 2778 differatur
1028 2739 1040 2788 ;
1082 2736 1193 2776 nos
1231 2715 1484 2788 interim,
1515 2717 1585 2775 T.
1619 2715 1828 2774 Veturi
1868 2733 2092 2791 vosque
2127 2714 2322 2787 ceteri,
2364 2715 2500 2774 vilia

513 2817 660 2875 haec
703 2815 898 2892 capita
938 2816 1193 2874 luendae
1236 2811 1545 2891 sponsioni
1587 2815 1842 2872 feramus
1886 2823 1947 2873 et
1973 2823 2177 2871 nostro
2207 2812 2500 2889 supplicio

419 2933 488 2977 10
516 2913 833 2972 liberemus
877 2913 1153 2970 Romana
1194 2912 1394 2970 arma.'
1480 2910 1665 2969 movit
1706 2921 1901 2987 patres
1945 2907 2313 2985 conscriptos
2362 2929 2499 2968 cum

519 3029 697 3069 causa
742 3019 868 3067 tum
913 3019 1119 3067 auctor
1166 3027 1278 3067 nec
1321 3018 1549 3067 ceteros
1595 3009 1789 3067 solum
1846 3007 1952 3066 sed
2008 3005 2277 3065 tribunos
2324 3005 2500 3065 etiam

471 3130 494 3163 2
520 3106 737 3185 plebei,
767 3116 832 3164 ut
861 3124 924 3164 se
953 3105 1014 3163 in
1043 3115 1281 3163 senatus
1310 3103 1576 3163 dicerent
1615 3105 1739 3163 fore
1767 3112 2078 3180 potestate.
2162 3101 2502 3179 magistratu

520 3205 661 3263 inde
710 3222 774 3261 se
823 3204 1119 3278 extemplo
1167 3200 1593 3261 abdicaverunt
1648 3198 1964 3277 traditique
2019 3198 2316 3259 fetialibus
2365 3218 2503 3258 cum

518 3299 726 3359 ceteris
770 3297 1069 3359 Caudium
1111 3296 1390 3357 ducendi.
1474 3299 1590 3356 hoc
1633 3307 1871 3356 senatus
1910 3296 2183 3355 consulto
2221 3296 2379 3353 facto
2406 3296 2505 3353 lux

469 3418 496 3465 3
521 3396 815 3473 quaedam
844 3392 1154 3453 adfulsisse
1183 3392 1404 3452 civitati
1432 3392 1557 3451 visa
1585 3404 1689 3452 est.
1779 3391 2120 3451 Postumius
2150 3390 2213 3450 in
2241 3410 2343 3450 ore
2361 3402 2499 3463 erat,

521 3512 659 3552 eum
693 3490 968 3550 laudibus
1006 3491 1084 3549 ad
1117 3491 1347 3549 caelum
1386 3490 1668 3560 ferebant,
1711 3488 2015 3548 devotioni
2059 3491 2124 3547 P.
2155 3486 2327 3547 Decii
2368 3507 2507 3546 con-

464 3612 499 3663 4
522 3588 681 3662 suliS,
711 3587 840 3648 aliis
860 3586 1036 3670 claris
1067 3585 1425 3646 facinoribus
1453 3586 1825 3663 aequabant:
1870 3585 2176 3646 emersisse
2205 3583 2503 3644 civitatem
