2909 4381
773 266 882 322 AB
926 265 1152 322 VRBE
1197 264 1586 325 CONDITA
1632 267 1790 323 LIB.
1835 267 1943 325 IX.
1998 286 2185 341 19—22

483 422 645 482 exitu
703 425 845 484 anni
894 446 1016 484 non
1074 426 1415 486 consulibus
1463 427 1539 485 ab
1591 447 1653 486 se
1710 427 1936 500 creatiS‚
1984 430 2082 505 Sp.
2142 428 2364 487 Nautio
2419 439 2479 488 et

493 523 577 579 M.
634 522 884 599 Popilio,
943 534 1204 583 ceterum
1269 523 1541 584 dictatori
1599 526 1665 582 L.
1727 524 1987 584 Aemilio
2046 525 2306 600 legiones
2370 536 2477 584 tra-

489 617 780 679 diderunt.
867 621 916 680 is
959 641 1095 680 cum
1142 624 1208 681 L.
1261 621 1471 681 Fulvio
1516 621 1793 699 magistro
1843 620 2110 698 equitum
2157 621 2474 681 Saticulam
2503 641 2525 675 2

489 735 830 793 oppugnare
887 719 1131 778 adortus
1188 717 1515 778 rebellandi
1572 738 1811 777 causam
1870 718 2234 778 Samnitibus
2291 719 2473 779 dedit.

489 814 707 889 duplex
751 813 890 873 inde
940 825 1123 875 terror
1165 814 1381 874 inlatus
1433 815 1758 875 Romanis:
1805 814 1945 873 hinc
1985 814 2217 874 Samnis
2261 835 2478 892 magno
2506 829 2532 877 3

489 910 744 970 exercitu
775 923 985 971 coacto
1013 913 1091 972 ad
1121 911 1469 972 eximendos
1513 911 1829 972 obsidione
1859 911 2052 971 socios
2083 913 2243 972 haud
2272 915 2478 988 procul

489 1009 691 1068 castris
742 1011 1153 1068 Romanorum
1198 1019 1387 1068 castra
1429 1008 1667 1085 posuitj.
1715 1008 1854 1068 hinc
1898 1007 2218 1069 Saticulani
2262 1030 2478 1087 magno

489 1125 626 1165 cum
666 1108 924 1166 tumultu
953 1107 1258 1184 patefactis
1303 1118 1545 1184 repente
1574 1105 1758 1183 portis
1800 1105 1863 1164 in
1892 1105 2173 1166 stationes
2216 1106 2476 1167 hostium

489 1201 873 1263 incurrerunt.
959 1203 1101 1265 inde
1149 1224 1282 1280 pars
1338 1215 1602 1281 utraque,
1657 1223 1762 1280 spe
1816 1202 1992 1262 alieni
2049 1203 2232 1280 magis
2281 1204 2478 1264 auxilii
2502 1221 2534 1267 4

490 1320 669 1376 quam
712 1299 933 1360 viribus
976 1303 1122 1360 freta
1163 1301 1300 1373 suiS,
1346 1301 1502 1361 iusto
1545 1321 1684 1360 mox
1720 1299 1945 1378 proelio
1984 1300 2133 1361 inito
2171 1303 2478 1361 Romanos

491 1408 714 1473 urgent,
757 1407 817 1456 et
856 1383 1219 1473 quamquam
1262 1417 1483 1474 anceps
1521 1397 1826 1457 dimicatio
1866 1407 2005 1469 erat,
2046 1408 2244 1457 tamen
2283 1398 2480 1457 utrim-

491 1512 607 1569 que
663 1503 851 1553 tutam
907 1494 1096 1553 aciem
1153 1495 1405 1554 dictator
1461 1494 1686 1567 habuit,
1749 1494 1889 1570 quia
1945 1504 2003 1553 et
2060 1496 2258 1553 locum
2316 1496 2478 1553 haud

490 1589 721 1650 facilem
756 1593 833 1650 ad
868 1590 1454 1652 circumveniendum
1497 1590 1654 1667 cepit
1683 1602 1741 1651 et
1782 1591 2011 1651 diversa
2053 1592 2256 1650 statuit
2294 1592 2477 1669 signa.

490 1686 753 1747 infestior
802 1697 1001 1747 tamen
1046 1687 1108 1746 in
1158 1698 1533 1764 erumpentes
1589 1686 1828 1746 incessit
1878 1707 1989 1745 nec
2036 1707 2251 1763 magno
2300 1699 2480 1747 certa·
2502 1707 2529 1756 5

491 1783 650 1844 mine
678 1783 830 1843 intra
859 1784 1096 1844 moenia
1123 1784 1411 1860 compulit
1433 1807 1449 1857 3
1499 1796 1626 1843 tum
1659 1793 1845 1843 totam
1875 1782 2064 1841 aciem
2094 1783 2155 1841 in
2184 1780 2476 1844 Samnites

491 1881 757 1941 obvertit.
843 1881 925 1940 ibi
969 1883 1102 1958 plus
1154 1880 1490 1939 certaminis
1534 1879 1643 1939 fuit
1664 1902 1680 1953 ;
1730 1879 1975 1940 victoria
2016 1878 2168 1939 sicut
2208 1900 2350 1953 sera,
2398 1881 2478 1940 ita
2503 1894 2534 1942 6

492 1997 603 2037 nec
638 1977 821 2038 dubia
854 1999 966 2039 nec
998 1977 1157 2038 varia
1184 1976 1309 2037 fuit.
1396 1977 1511 2037 fusi
1539 1977 1602 2037 in
1631 1988 1820 2036 castra
1848 1977 2140 2037 Samnites
2177 1977 2479 2038 exstinctis

491 2084 667 2134 nocte
698 2075 932 2151 ignibus
962 2074 1142 2135 tacito
1170 2074 1406 2151 agmine
1444 2077 1668 2135 abeunt
1698 2086 1756 2134 et
1786 2093 1890 2150 spe
1919 2074 2151 2135 abiecta
2186 2076 2480 2136 Saticulae

490 2173 747 2233 tuendae
812 2171 1115 2232 Plisticam
1184 2170 1314 2248 ipsi,
1383 2171 1577 2232 socios
1650 2173 2078 2244 Romanorum,
2144 2183 2210 2232 ut
2278 2192 2480 2249 parem

491 2268 757 2328 dolorem
801 2268 958 2328 hosti
1000 2270 1330 2341 redderent,
1378 2268 1821 2329 circumsidunt.

571 2368 753 2425 Anno
796 2365 1155 2425 circumacto
1186 2365 1408 2424 bellum
1444 2363 1727 2442 deinceps
1763 2367 1840 2424 ab
1866 2364 2152 2425 dictatore
2184 2368 2258 2441 Q.
2293 2366 2481 2426 Fabio
2507 2379 2583 2423 22

491 2474 722 2539 gestum
752 2472 841 2522 est
865 2484 881 2536 ;
924 2464 1199 2522 consules
1229 2463 1385 2536 novi,
1419 2462 1571 2522 sicut
1609 2462 1954 2540 superioreS,
1990 2465 2221 2523 Romae
2256 2483 2482 2523 manse-

492 2570 664 2634 runt3
723 2558 940 2618 Fabius
986 2560 1063 2619 ad
1120 2558 1536 2636 accipiendum
1593 2560 1670 2619 ab
1720 2559 1982 2619 Aemilio
2027 2559 2346 2619 exercitum
2402 2562 2480 2620 ad

492 2655 811 2715 Saticulam
851 2675 989 2714 cum
1034 2657 1451 2732 supplemento
1490 2655 1668 2716 venit.
1754 2675 1951 2732 neque
1989 2654 2148 2715 enim
2184 2655 2479 2716 Samnites
2506 2676 2531 2711 2

492 2753 568 2812 ad
609 2750 906 2810 Plisticam
954 2762 1304 2825 manserant,
1347 2754 1472 2824 sed,
1504 2751 1707 2812 accitis
1749 2753 1827 2811 ab
1865 2753 2049 2812 domo
2083 2752 2251 2812 novis
2289 2752 2481 2814 militi-

492 2848 620 2922 buS,
694 2847 1073 2908 multitudine
1131 2848 1278 2921 freti,
1347 2858 1537 2907 castra
1599 2850 1831 2920 eodem,
1899 2868 2019 2924 quo
2087 2860 2278 2922 antea,
2345 2852 2481 2911 loco

492 2954 807 3022 posuerant
874 2946 1357 3026 lacessentesque·
1419 2944 1646 3020 proelio
1711 2947 2022 3005 Romanos
2084 2955 2343 3005 avertere
2402 2946 2480 3006 ab

493 3040 808 3101 obsidione
861 3041 1244 3099 conabantur.
1349 3060 1422 3100 eo
1480 3040 1762 3101 intentius
1819 3041 2071 3102 dictator
2125 3040 2187 3099 in
2244 3042 2481 3104 moenia
2505 3061 2535 3110 3

493 3137 753 3198 hostium
811 3156 1011 3197 versus
1070 3136 1132 3196 id
1201 3137 1424 3196 bellum
1497 3148 1725 3196 tantum
1789 3140 2022 3210 ducere,
2085 3158 2206 3214 quo
2270 3141 2477 3201 urbem

493 3235 891 3312 oppugnabat,
963 3231 1222 3293 securior
1288 3234 1364 3292 ab
1436 3232 1797 3294 Samnitibus
1866 3254 2053 3310 agere,
2127 3234 2479 3297 stationibus

494 3332 677 3392 modo
722 3328 1024 3409 oppositiS‚
1079 3349 1154 3387 ne
1203 3347 1320 3405 qua
1365 3328 1427 3387 in
1484 3340 1673 3389 castra
1715 3329 1800 3389 vis
1845 3332 2024 3391 fieret.
2111 3351 2185 3391 eo
2226 3332 2477 3394 ferocius
2500 3352 2535 3402 4

494 3428 834 3504 adequitare
876 3425 1170 3487 Samnites
1205 3427 1358 3484 vallo
1400 3445 1596 3502 neque
1635 3424 1820 3485 otium
1864 3429 2000 3504 pati.
2087 3439 2146 3488 et
2183 3449 2321 3489 cum
2360 3431 2477 3491 iam

494 3543 676 3601 prope
745 3524 807 3583 in
869 3522 1052 3600 portis
1114 3532 1439 3582 castrorum
1505 3533 1659 3583 esset
1728 3523 1929 3596 hostis,
1995 3525 2141 3585 nihil
2205 3529 2479 3588 consulto

495 3620 783 3682 dictatore
833 3619 1107 3697 magister
1147 3619 1416 3697 equitum
1465 3620 1541 3695 Q.
1595 3619 1805 3680 Aulius
1861 3623 2214 3683 Cerretanus
2261 3643 2478 3701 magno
