2909 4381
760 280 868 335 AB
914 279 1139 335 VRBE
1186 276 1574 336 CONDITA
1618 275 1773 332 LIB.
1823 275 1928 332 IX.
1983 276 2068 344 18,
2110 294 2179 348 19

477 438 795 499 invenisset
859 441 1074 498 hostes.
1183 439 1308 515 ipse
1371 437 1692 496 traiecisset
1756 455 1915 496 mare
1975 430 2110 494 cum
2170 434 2457 494 veteranis
2487 456 2513 505 5

480 536 936 608 MacedonibuS,
1008 555 1130 594 non
1202 537 1333 612 plus
1404 533 1639 610 triginta
1708 533 1946 592 milibus
2016 534 2327 592 hominum
2403 542 2460 591 et

476 644 755 709 quattuor
786 633 1023 692 milibus
1054 634 1342 709 equitum,
1373 630 1627 689 maxime
1656 632 2077 690 Thessalorum
2100 651 2116 703 3
2158 631 2274 688 hoc
2303 628 2461 688 enim

475 732 703 790 roboris
734 742 871 791 erat.
962 734 1183 802 PersaS,
1229 731 1415 788 Indos
1459 730 1721 804 aliasque
1751 727 1800 786 si
1838 728 2199 787 adiunxisset
2238 737 2457 803 genteS,

477 828 972 905 impedimentum
1003 827 1191 885 maius
1221 846 1401 902 quam
1431 824 1712 884 auxilium
1744 826 2010 884 traheret.
2097 826 2270 896 adde,
2297 825 2460 900 quod
2488 831 2517 880 6

477 925 768 985 Romanis
797 928 874 985 ad
914 945 1157 983 manum
1187 926 1352 984 domi
1388 926 1868 1000 supplementum
1899 933 2070 995 esset,
2104 924 2458 994 AlexandrO,

477 1026 641 1100 quod
699 1034 904 1100 postea
964 1022 1292 1081 Hannibali
1356 1020 1589 1092 accidit,
1648 1019 1843 1080 alieno
1900 1020 1962 1078 in
2024 1039 2163 1096 agro
2218 1019 2462 1079 bellanti

475 1121 762 1180 exercitus
801 1120 1223 1179 consenuisset.
1310 1139 1473 1178 arma
1512 1117 1686 1195 clipei
1722 1116 2053 1195 sarisaeque
2098 1116 2208 1175 illis
2247 1116 2338 1196 (id
2374 1128 2462 1176 est

475 1214 704 1296 hastae)
725 1239 741 1290 3
811 1219 1088 1276 Romano
1161 1225 1411 1288 scutum,
1483 1215 1671 1274 maius
1742 1215 1971 1291 corpori
2033 1224 2515 1290 tegumentum?

475 1325 535 1374 et
610 1315 813 1391 pilum,
887 1316 1048 1373 haud
1117 1315 1295 1390 paulo
1372 1317 1571 1390 quam'
1630 1315 1798 1372 hasta
1862 1312 2269 1372 vehementius
2342 1313 2476 1379 ictu,

478 1411 779 1488 missuque
819 1414 1019 1470 telum.
1107 1410 1374 1470 statarius
1414 1422 1662 1486 uterque
1698 1410 1882 1481 mileS‚
1918 1410 2154 1470 ordines
2191 1430 2427 1470 servans
2448 1433 2465 1485 3
2488 1424 2516 1470 8

477 1512 583 1569 sed
622 1510 722 1568 illa
759 1511 1015 1586 phalanx
1054 1507 1374 1567 immobilis
1409 1519 1469 1567 et
1503 1507 1676 1567 unius
1712 1510 1961 1584 generiS,
1998 1510 2273 1566 Romana
2306 1508 2463 1567 acies

477 1606 822 1679 distinctior,
870 1627 940 1664 ex
987 1605 1250 1683 pluribus
1293 1605 1556 1682 partibus
1602 1617 1895 1677 constanS,
1943 1604 2128 1663 facilis
2171 1604 2459 1681 partienti,

477 1723 855 1781 quacumque
887 1723 1037 1780 opus
1080 1713 1249 1775 esset,
1284 1702 1470 1760 facilis
1508 1702 1787 1777 iungenti.
1875 1701 1991 1759 iam
2026 1701 2089 1758 in
2120 1721 2297 1777 opere
2331 1702 2461 1776 quis
2486 1717 2515 1765 9

477 1821 581 1878 par
631 1804 911 1860 Romano
956 1800 1140 1872 miles,
1186 1798 1318 1875 quis
1366 1801 1444 1858 ad
1487 1800 1860 1858 tolerandum
1907 1798 2170 1857 laborem
2215 1799 2465 1857 melior?

478 1918 599 1957 uno
628 1898 852 1974 proelio
883 1896 1071 1957 victus
1101 1897 1435 1956 Alexander
1465 1895 1622 1954 bello
1645 1889 1833 1955 victus
1865 1905 2018 1954 esset
2042 1919 2053 1955 :
2098 1898 2458 1968 Romanum,

479 2015 657 2072 quem
690 1994 1004 2067 Caudium,
1038 2014 1216 2071 quem
1249 1995 1494 2055 Cannae
1524 2013 1646 2052 non
1674 1995 1986 2070 fregerunt,
2019 2012 2171 2069 quae
2201 1992 2464 2069 fregisset

475 2092 677 2151 acies?
759 2111 834 2151 ne
874 2091 971 2151 ille
1013 2111 1204 2168 saepe,
1252 2091 1428 2150 etiam
1474 2093 1520 2149 si
1563 2090 1751 2168 prima
1793 2111 2069 2168 prospere
2112 2093 2465 2166 evenissent,
2495 2116 2553 2150 10

479 2194 684 2250 Persas
742 2201 801 2249 et
859 2190 1045 2249 Indos
1095 2201 1153 2249 et
1210 2187 1510 2247 imbellem
1568 2188 1775 2248 Asiam
1831 2188 2154 2265 quaesisset
2211 2200 2270 2249 et
2325 2210 2463 2248 cum

476 2286 710 2347 feminis
781 2287 892 2346 sibi
952 2287 1174 2345 bellum
1245 2285 1424 2345 fuisse
1486 2285 1741 2358 dixisset,
1806 2288 1971 2362 quod
2034 2286 2198 2364 Epiri
2267 2307 2462 2363 regem
2495 2309 2546 2341 11

479 2386 897 2455 Alexandrum,
931 2384 1227 2442 mortifero
1255 2386 1496 2442 vulnere
1524 2382 1724 2455 ictum,
1759 2382 1974 2443 dixisse
2002 2386 2212 2456 ferunt,
2245 2394 2462 2443 sortem

476 2483 768 2541 bellorum
820 2480 879 2538 in
905 2479 1046 2538 Asia
1093 2491 1391 2556 gestorum
1448 2480 1526 2539 ab
1572 2482 1688 2539 hoc
1736 2479 1867 2556 ipso
1912 2480 2124 2540 iuvene
2171 2501 2307 2539 cum
2358 2501 2463 2539 sua

479 2581 897 2638 conferentem.
972 2576 1250 2653 equidem
1294 2597 1431 2636 cum
1470 2597 1573 2654 per
1613 2597 1802 2636 annos
1844 2589 2121 2654 quattuor
2159 2588 2217 2637 et
2258 2577 2459 2653 viginti
2491 2598 2544 2632 12

476 2676 667 2752 primo
699 2674 926 2733 Punico
948 2676 1106 2733 bello
1134 2674 1417 2733 classibus
1447 2684 1732 2734 certatum
1763 2694 1901 2733 cum
1931 2674 2146 2733 Poenis
2170 2677 2464 2749 recordor,

478 2773 571 2832 vix
616 2783 870 2832 aetatem
916 2772 1235 2831 Alexandri
1286 2772 1659 2831 suffecturam
1717 2770 1896 2830 fuisse
1956 2791 2085 2830 reor
2144 2773 2221 2830 ad
2276 2791 2462 2830 unum

476 2871 739 2943 bellum;
787 2880 846 2929 et
880 2868 1138 2940 forsitan,
1186 2889 1322 2928 cum
1364 2879 1423 2928 et
1466 2868 1803 2928 foederibus
1845 2867 2087 2928 vetustis
2130 2868 2329 2928 iuncta
2372 2889 2463 2929 res
2490 2892 2547 2942 13

480 2968 705 3028 Punica
746 2970 1056 3026 Romanae
1100 2978 1253 3026 esset
1293 2978 1350 3026 et
1394 2967 1570 3026 timor
1612 2987 1717 3043 par
1757 2968 2036 3025 adversus
2080 2985 2460 3025 communem

477 3069 711 3126 hostem
759 3066 905 3123 duas
952 3063 1389 3141 potentissimas
1439 3063 1614 3123 armis
1670 3062 1922 3140 virisque
1980 3062 2139 3122 urbis
2196 3076 2460 3136 armaret,

477 3162 652 3221 simul
732 3159 960 3220 Punico
1037 3162 1431 3236 Romanoque
1506 3160 1751 3219 obrutus
1830 3160 1986 3218 bello
2064 3171 2232 3220 esset.
2339 3181 2461 3221 non
2495 3182 2553 3232 14

478 3260 721 3335 quidem
750 3259 1087 3318 Alexandro
1110 3260 1262 3319 duce
1292 3278 1402 3317 nec
1431 3257 1669 3335 integris
1700 3258 2107 3317 Macedonum
2136 3258 2329 3331 rebuS,
2356 3262 2462 3319 sed

477 3355 698 3433 experti
742 3366 941 3415 tamen
981 3368 1119 3415 sunt
1162 3358 1418 3415 Romani
1462 3357 1862 3415 Macedonem
1905 3357 2139 3415 hostem
2182 3358 2461 3417 adversus

478 3452 862 3525 Antiochum,
905 3452 1263 3530 Philippum,
1297 3456 1515 3512 Persen
1558 3473 1681 3512 non
1726 3455 1908 3513 modo
1947 3473 2085 3513 cum
2116 3456 2285 3515 clade
2324 3458 2457 3528 ulla,

477 3552 582 3610 sed
625 3570 700 3609 ne
749 3570 886 3608 cum
930 3550 1189 3627 periculo
1231 3550 1474 3627 quidem
1518 3570 1642 3610 suo,
1729 3550 1883 3609 absit
1924 3550 2147 3610 invidia
2181 3553 2362 3611 verbo
2402 3563 2460 3612 et
2488 3572 2547 3622 15

477 3648 668 3708 civilia
706 3649 861 3707 bella
903 3647 1148 3707 sileant:
1191 3668 1517 3725 numquam
1555 3648 1631 3708 ab
1675 3648 1874 3725 equite
1913 3650 2101 3722 hoste,
2135 3670 2459 3727 numquam
