2909 4381
1289 231 1358 287 T.
1408 230 1584 287 LIVI

443 412 678 470 pugnae
719 391 863 451 fuit!
934 391 1176 468 paginas
1215 391 1277 450 in
1319 391 1631 451 annalibus
1668 392 2112 469 magistratuum
2154 392 2437 469 fastisque

444 509 779 566 percurrere
848 487 985 547 licet
1054 491 1364 548 consulum
1434 488 1928 565 dictatorumque,
2000 509 2252 565 quorum
2323 508 2432 548 nec

444 585 669 645 virtutis
699 606 810 645 nec
841 586 1110 644 fortunae
1140 587 1261 644 ullo
1290 585 1388 645 die
1432 588 1721 662 populum
1753 589 2096 645 Romanum
2127 585 2426 662 paenituit.

361 706 416 753 13
444 693 519 754 et,
574 702 695 758 quo
746 681 862 741 sint
912 681 1295 741 mirabiliores
1347 703 1528 758 quam
1581 684 1919 742 Alexander
1967 693 2069 742 aut
2119 683 2433 760 quisquam

444 799 560 851 rex,
602 780 790 838 denos
827 777 1186 854 vicenosque
1227 780 1353 839 dies
1390 778 1633 854 quidam
1670 779 2036 851 dictaturam,
2081 800 2259 839 nemo
2302 782 2432 856 plus

359 896 416 943 14
445 895 624 951 quam
654 895 879 935 annum
918 877 1292 936 consulatum
1321 876 1501 952 gessit
1522 899 1539 950 ;
1579 877 1656 935 ab
1687 876 1934 936 tribunis
1964 877 2152 953 plebis
2183 876 2434 937 dilectus

445 973 715 1049 impediti
759 983 896 1032 sunt
915 995 932 1046 3
983 983 1118 1049 post
1167 983 1402 1049 tempus
1441 975 1520 1032 ad
1565 973 1717 1032 bella
1765 973 1973 1045 ierunt,
2019 983 2157 1033 ante
2200 983 2434 1050 tempus

359 1093 415 1143 15
443 1069 818 1130 comitiorum
876 1089 1053 1129 causa
1109 1069 1365 1129 revocati
1423 1080 1602 1143 sunt;
1662 1069 1724 1128 in
1781 1069 1910 1146 ipso
1966 1080 2199 1129 conatu·
2241 1089 2429 1128 rerum

444 1165 787 1242 circumegit
817 1185 879 1225 se
909 1185 1100 1225 annus
1121 1189 1138 1240 3
1180 1167 1440 1242 collegae
1471 1185 1630 1224 nunc
1666 1165 1963 1225 temeritas
1991 1186 2151 1225 nunc
2181 1165 2435 1242 pravitas

444 1261 876 1339 impedimento
924 1273 1026 1321 aut
1076 1265 1298 1322 damno
1343 1261 1453 1321 fuit
1475 1284 1492 1335 3
1549 1264 1702 1321 male
1750 1262 1927 1339 gestis
1973 1263 2148 1322 rebus
2198 1261 2432 1322 alterius

446 1379 786 1419 successum
844 1371 969 1434 est3
1038 1359 1290 1419 tironem
1354 1370 1456 1418 aut
1513 1362 1667 1418 mala
1725 1361 2037 1436 disciplina
2099 1359 2431 1419 institutum

361 1469 420 1518 16
447 1455 768 1516 exercitum
807 1467 1178 1533 acceperunt.
1265 1466 1326 1514 at
1372 1458 1611 1529 hercule
1654 1476 1819 1532 reges
1862 1476 1983 1515 non
2029 1455 2197 1516 liberi
2240 1457 2432 1515 solum

448 1553 890 1630 impedimentis
948 1553 1225 1612 omnibus
1281 1555 1388 1612 sed
1444 1552 1675 1613 domini
1730 1574 1923 1612 rerum
1980 1564 2433 1630 temporumque

362 1672 420 1728 17
447 1652 687 1709 trahunt
749 1649 1010 1709 consiliis
1081 1660 1312 1722 cuncta,
1385 1669 1508 1710 non
1572 1659 1864 1709 secuntur.
1976 1649 2227 1722 invictus
2298 1667 2432 1725 ergo

447 1750 783 1811 Alexander
828 1768 965 1807 cum
1011 1747 1244 1807 invictis
1291 1748 1545 1807 ducibus
1597 1747 1753 1807 bella
1800 1746 2075 1824 gessisset
2117 1758 2176 1806 et
2224 1748 2431 1806 eadem

362 1858 419 1906 18
447 1848 716 1905 fortunae
764 1848 1006 1922 pignora
1049 1845 1112 1903 in
1154 1844 1471 1904 discrimen
1515 1844 1860 1918 detulisset3
1907 1844 2092 1903 immo
2143 1843 2319 1903 etiam
2363 1862 2435 1901 eo

448 1944 580 2019 plus
610 1941 854 2019 periculi
890 1941 1159 2014 subisset,
1194 1943 1358 2017 quod
1400 1942 1768 2000 Macedones
1808 1961 1995 2000 unum
2032 1941 2433 2000 Alexandrum

449 2037 812 2110 habuissent,
861 2037 1060 2097 multis
1091 2036 1324 2095 casibus
1361 2056 1483 2096 non
1516 2038 1705 2095 solum
1747 2037 2072 2096 obnoxium
2116 2038 2223 2095 sed
2258 2035 2433 2095 etiam

366 2160 423 2210 19
450 2136 795 2195 offerentem
835 2153 915 2208 se,
959 2133 1219 2196 Romani
1259 2132 1428 2194 multi
1467 2133 1713 2194 fuissent
1751 2135 2091 2195 Alexandro
2119 2135 2212 2193 vel
2253 2132 2436 2210 gloria

450 2235 543 2293 vel
572 2253 763 2292 rerum
800 2231 1206 2309 magnitudine
1234 2251 1420 2308 pareS,
1453 2251 1704 2307 quorum
1736 2251 1844 2292 suo
1880 2231 2131 2308 quisque
2160 2233 2281 2291 fato
2309 2230 2434 2289 sine

453 2328 695 2407 publico
723 2328 1061 2388 discrimine
1090 2328 1308 2387 viveret
1338 2340 1791 2404 morereturque.

359 2442 428 2500 19
538 2430 762 2498 Restat,
812 2436 876 2485 ut
933 2425 1138 2502 copiae
1189 2425 1374 2501 copiis
1424 2436 1839 2501 comparentur
1893 2428 1986 2485 vel
2043 2444 2289 2485 numero
2344 2427 2434 2485 vel

401 2553 426 2587 2
455 2523 709 2582 militum
754 2541 967 2598 genere
1011 2524 1105 2581 vel
1151 2520 1530 2580 multitudine
1578 2520 1943 2581 auxiliorum.
2046 2522 2435 2581 censebantur

455 2621 580 2682 eius
644 2620 850 2680 aetatis
909 2619 1103 2679 lustris
1167 2621 1402 2679 ducena
1462 2617 1877 2694 quinquagena
1934 2618 2096 2678 milia
2157 2619 2432 2696 capitum.

455 2718 654 2793 itaque
694 2718 755 2776 in
786 2715 949 2776 omni
993 2716 1327 2776 defectione
1367 2714 1663 2774 sociorum
1694 2714 1889 2773 Latini
1923 2714 2179 2774 nominis
2209 2716 2437 2774 urbano

402 2835 428 2882 3
455 2834 638 2891 prope
675 2813 894 2873 dilectu
925 2815 1135 2872 decem
1172 2811 1579 2871 scribebantur
1606 2810 1906 2887 legiones;
1948 2811 2216 2887 quaterni
2252 2810 2434 2887 quini·

456 2931 573 2986 que
615 2908 902 2968 exercitus
941 2927 1117 2984 saepe
1162 2927 1265 2984 per
1307 2927 1408 2966 eos
1450 2926 1639 2966 annos
1682 2906 1744 2965 in
1788 2906 2035 2979 Etruria,
2081 2907 2142 2966 in
2187 2906 2438 2968 Umbria

456 3006 641 3067 Gallis
684 3005 956 3065 hostibus
998 3004 1308 3076 adiunctiS,
1355 3003 1417 3063 in
1461 3003 1720 3077 Samnio,
1760 3003 1818 3062 in
1863 3004 2119 3066 Lucanis
2158 3004 2436 3080 gerebant

401 3123 430 3170 4
458 3105 694 3164 bellum.
784 3102 1018 3161 Latium
1064 3102 1283 3162 deinde
1333 3121 1512 3162 omne
1554 3122 1690 3162 cum
1734 3101 1963 3161 Sabinis
2006 3112 2065 3161 et
2106 3100 2338 3160 Volscis
2380 3111 2439 3160 et

454 3200 679 3278 Aequis
721 3211 781 3260 et
819 3199 982 3259 omni
1028 3199 1355 3277 Campania
1400 3199 1482 3260 et
1509 3211 1671 3276 parte
1719 3197 2004 3260 Umbriae
2054 3197 2438 3273 Etruriaeque

456 3311 515 3359 et
572 3297 914 3357 Picentibus
971 3308 1029 3357 et
1088 3297 1300 3357 Marsis
1358 3296 1770 3374 Paelignisque
1824 3315 1894 3354 ac
1943 3294 2204 3354 Vestinis
2260 3306 2438 3372 atque

459 3395 666 3473 Apulis
694 3394 975 3454 adiuncta
1009 3394 1172 3454 omni
1204 3415 1305 3454 ora
1334 3396 1696 3454 Graecorum
1736 3392 1904 3452 inferi
1934 3391 2108 3450 maris
2137 3412 2172 3450 a
2201 3391 2438 3450 Thuriis

461 3491 776 3568 Neapolim
832 3501 890 3550 et
949 3492 1170 3551 Cumas
1229 3501 1286 3549 et
1349 3490 1489 3550 inde
1545 3489 1729 3548 Antio
1784 3499 1961 3564 atque
2025 3487 2210 3549 Ostiis
2266 3498 2438 3547 tenus

460 3587 751 3650 Samnites
812 3598 914 3647 aut
972 3587 1166 3647 socios
1221 3588 1445 3647 validos
1503 3584 1791 3645 Romanis
1848 3595 1949 3643 aut
2010 3587 2224 3645 fractos
2281 3586 2438 3645 bello
