2909 4381
716 285 824 341 AB
869 283 1095 340 VRBE
1141 281 1529 342 CONDITA
1575 282 1729 338 LIB.
1779 281 1885 338 IX.
1936 299 2026 351 22,
2076 299 2150 355 23

439 443 689 502 diremit.
774 442 1015 502 invenio
1058 443 1219 519 apud
1270 442 1562 518 quosdam
1618 442 1924 501 adversam
1975 461 2107 500 eam
2164 460 2422 518 pugnam
2455 458 2482 505 5

441 539 730 600 Romanis
765 538 946 599 fuisse
983 549 1163 615 atque
1191 537 1253 597 in
1282 558 1352 597 ea
1380 537 1667 598 cecidisse
1698 541 1772 614 Q.
1806 537 2052 597 Aulium
2083 537 2423 614 magistrum

440 635 722 712 equitum.
797 637 1076 695 suffectus
1106 635 1166 694 in
1196 638 1393 696 locum
1424 634 1586 694 Aulii
1615 636 1683 697 C.
1719 634 1936 695 Fabius
1966 635 2240 712 magister
2268 634 2426 711 equi·
2453 641 2484 691 6

441 742 564 792 turn
596 753 733 793 cum
764 733 1021 793 exercitu
1050 753 1208 793 novo
1235 733 1313 792 ab
1345 735 1544 791 Roma
1570 731 1811 792 advenit
1838 743 1897 791 et
1932 751 2037 809 per
2075 730 2427 809 praemissos

441 829 680 889 nuntios
709 832 984 890 consulto
1013 829 1317 902 dictatore,
1351 829 1456 888 ubi
1486 828 1828 889 subsisteret
1852 848 2046 905 quove
2076 839 2343 905 tempore
2371 839 2430 888 et

442 945 559 1002 qua
576 946 647 985 ex
664 937 828 1004 parte
850 928 1084 986 hostem
1106 927 1540 1003 aggrederetur,
1558 924 1818 984 substitit
1842 926 2111 984 occultus
2132 927 2210 984 ad
2230 923 2431 983 omnia

442 1021 581 1081 satis
610 1021 923 1099 exploratis
952 1022 1230 1083 consiliis·
1299 1022 1555 1083 dictator
1582 1041 1719 1081 cum
1750 1041 1854 1099 per
1881 1021 2110 1097 aliquot
2137 1020 2265 1081 dies
2294 1032 2431 1098 post
2458 1040 2483 1094 7

441 1137 701 1194 pugnam
732 1118 1122 1179 continuisset
1160 1139 1298 1180 suos
1338 1119 1492 1179 intra
1519 1121 1737 1179 vallum
1776 1119 2004 1179 obsessi
2034 1118 2219 1195 magis
2248 1138 2428 1194 quam

441 1214 770 1276 obsidentis
817 1218 1016 1288 modo,
1049 1215 1282 1292 signum
1326 1227 1569 1294 repente
1606 1236 1842 1294 pugnae
1870 1215 2179 1293 proposuit
2207 1225 2281 1288 et,
2315 1217 2430 1275 effi-
2455 1232 2486 1278 8

442 1312 637 1372 cacius
657 1323 814 1372 ratus
844 1315 922 1373 ad
949 1314 1367 1373 accendendos
1390 1313 1647 1372 virorum
1670 1313 1907 1374 fortium
1931 1314 2179 1387 animos,
2206 1316 2428 1373 nullam

441 1407 583 1467 alibi
620 1428 801 1486 quam
839 1408 901 1468 in
944 1420 1132 1470 semet
1160 1408 1292 1486 ipso
1321 1409 1601 1485 cuiquam
1630 1409 1894 1470 relictam
1929 1431 2115 1488 spem,
2145 1412 2223 1470 de
2253 1408 2431 1485 magi-

443 1515 564 1564 stro
592 1506 858 1581 equitum
889 1525 1166 1582 novoque
1196 1504 1453 1565 exercitu
1491 1504 1737 1565 militem
1773 1506 1984 1566 celavit
2018 1516 2094 1579 et,
2124 1516 2428 1582 tamquam
2454 1523 2487 1574 9

443 1601 605 1660 nulla
645 1600 758 1660 nisi
802 1600 863 1659 in
906 1601 1215 1678 eruptione
1257 1621 1391 1678 spes
1435 1613 1611 1674 esset,
1644 1606 1657 1633 ‘
1675 1601 1822 1661 locis
1841 1604 1855 1629 '
1893 1600 2085 1678 inquit
2114 1605 2131 1632 ‘
2150 1600 2428 1677 angustiS,

444 1696 677 1771 militeS,
705 1697 1075 1775 deprehensi,
1107 1697 1220 1757 nisi
1262 1717 1441 1773 quam
1482 1697 1727 1756 victoria
1765 1696 2215 1773 patefecerimus
2253 1696 2427 1769 viam,

443 1794 666 1853 nullam
695 1793 998 1854 habemus
1086 1793 1294 1853 stativa
1322 1803 1524 1852 nostra
1553 1792 1923 1852 munimento
1952 1792 2091 1851 satis
2119 1802 2246 1850 tuta
2275 1802 2432 1865 sunt,
2463 1810 2520 1845 ιο

445 1890 551 1948 sed
586 1887 788 1965 inopia
826 1890 1037 1949 eadem
1076 1889 1325 1962 infesta3
1365 1907 1509 1948 nam
1549 1898 1608 1947 et
1646 1887 1803 1948 circa
1837 1886 2041 1948 omnia
2069 1888 2428 1959 defecerunt,

445 1985 606 2045 unde
650 1984 900 2045 subvehi
942 1995 1309 2045 commeatus
1359 1994 1649 2063 poterant,
1693 1995 1767 2059 et,
1814 1984 1864 2043 si
1913 1982 2185 2044 homines
2234 1983 2432 2043 iuvare

444 2080 641 2154 velint,
686 2080 891 2157 iniqua
938 2082 1072 2141 loca
1121 2093 1278 2143 sunt.
1381 2082 1581 2159 itaque
1631 2101 1754 2142 non
1802 2081 2124 2141 frustrabor
2170 2100 2282 2158 ego
2326 2099 2432 2139 vos
2464 2098 2514 2131 11

444 2187 636 2239 castra
662 2176 761 2238 hic
789 2176 1197 2256 relinquendo,
1222 2178 1284 2238 in
1313 2199 1467 2256 quae
1496 2178 1714 2239 infecta
1734 2177 1993 2252 victoria,
2017 2176 2168 2238 sicut
2186 2175 2431 2255 pristino

447 2276 566 2350 die,
587 2296 692 2336 vos
721 2275 1031 2352 recipiatis
1089 2276 1266 2336 armis
1295 2276 1681 2350 munimenta,
1713 2296 1836 2336 non
1857 2274 2242 2337 munimentis
2270 2293 2433 2333 arma

444 2384 571 2434 tuta
598 2393 727 2434 esse
748 2372 987 2433 debent.
1046 2383 1235 2432 castra
1263 2373 1522 2434 habeant
1548 2383 1951 2452 repetantque,
1973 2372 2190 2450 quibus
2218 2390 2433 2448 operae
2462 2394 2519 2431 ω

444 2481 533 2531 est
576 2472 805 2530 trahere
840 2469 1101 2543 bellum3
1146 2488 1256 2529 nos
1284 2470 1556 2529 omnium
1595 2490 1788 2531 rerum
1823 2480 2155 2548 respectum
2184 2479 2435 2546 praeter-

445 2586 623 2644 quam
653 2564 931 2626 victoriae
971 2564 1148 2625 nobis
1189 2566 1583 2626 abscidamus.
1674 2568 1819 2627 ferte
1862 2566 2027 2643 signa
2061 2565 2121 2625 in
2162 2567 2435 2638 hostem3
2464 2588 2521 2636 13

393 2667 400 2673 '
445 2661 548 2723 ubi
577 2672 739 2722 extra
765 2662 983 2720 vallum
1012 2680 1227 2738 agmen
1255 2661 1584 2733 excesserit,
1617 2672 1807 2722 castra
1834 2661 2049 2738 quibus
2078 2660 2430 2736 imperatum

446 2768 534 2818 est
576 2757 915 2817 incendant.
1001 2758 1223 2818 damna
1262 2769 1470 2830 vestra,
1516 2756 1747 2829 militeS,
1795 2756 2062 2818 omnium
2112 2755 2283 2827 circa,
2330 2755 2432 2831 qui

445 2856 804 2927 defecerunt,
836 2856 1191 2931 populorum
1220 2856 1441 2931 praeda
1469 2853 1823 2913 sarcientur.'
1880 2864 1939 2914 et
1967 2852 2232 2914 oratione
2255 2851 2436 2913 dicta-
2465 2871 2523 2920 14

446 2951 603 3024 toriS,
650 2971 804 3028 quae
845 2951 1211 3011 necessitatis
1253 2951 1497 3011 ultimae
1539 2950 1718 3011 index
1758 2962 1898 3023 erat,
1943 2949 2158 3010 milites
2200 2947 2434 3009 accensi

447 3050 669 3109 vadunt
711 3048 773 3108 in
816 3050 1066 3122 hostem,
1112 3060 1171 3108 et
1214 3059 1514 3126 respectus
1556 3049 1683 3126 ipse
1717 3047 2050 3110 ardentium
2089 3059 2430 3119 castrorum,

448 3165 810 3224 quamquam
852 3144 1132 3222 proximis
1175 3147 1571 3205 tantum-ita
1612 3147 1770 3205 enim
1814 3144 2062 3205 iusserat
2102 3144 2434 3205 dictator—

446 3241 596 3318 ignis
636 3252 724 3302 est
758 3241 1048 3315 subdituS,
1082 3243 1242 3302 haud
1282 3261 1526 3318 parvum
1561 3240 1670 3300 fuit
1704 3241 2147 3301 irritamentum.
2236 3239 2435 3316 itaque
2463 3255 2521 3305 15

447 3342 607 3400 velut
634 3341 917 3400 vecordes
940 3338 1105 3398 inlati
1135 3338 1301 3416 signa
1328 3339 1522 3416 primo
1549 3338 1776 3415 impetu
1804 3337 2065 3400 hostium
2096 3338 2350 3410 turbant,
2376 3348 2435 3397 et

447 3434 510 3494 in
538 3446 818 3512 tempore,
852 3445 1167 3513 postquam
1200 3436 1468 3495 ardentia
1505 3436 1711 3510 procul
1740 3434 1887 3495 vidit
1926 3445 2129 3507 castra,
2163 3433 2436 3510 magister

448 3531 860 3610 equitum—id
916 3542 1272 3593 convenerat
1328 3530 1906 3609 signum—hostium
1965 3542 2124 3609 terga
2191 3529 2432 3591 invadit.

448 3627 529 3687 ita
576 3627 958 3688 circumventi
1009 3627 1318 3701 SamniteS,
1365 3648 1484 3705 qua
1533 3639 1729 3706 potest
1771 3628 2037 3706 quisque,
2083 3629 2282 3704 fugam
2332 3646 2436 3704 per
