2909 4381
1336 255 1406 312 T.
1456 254 1634 312 LIVI

491 426 729 475 senatus
767 415 829 474 in
867 415 1279 492 insequentem
1314 435 1556 487 annum,
1601 434 1723 491 quo
1760 419 1875 492 Ap.
1906 415 2216 489 ClaudiuS,
2259 419 2326 476 L.
2365 419 2482 475 Vo-

491 513 751 573 lumnius
786 515 1060 573 consules
1103 515 1354 585 fuerunt,
1392 512 1726 589 prorogavit
1765 512 2019 573 maxime
2048 512 2249 590 Appio
2283 515 2482 573 adver-

439 632 466 678 3
492 623 660 670 sante
707 610 1043 687 imperium.
1147 609 1410 686 Appium
1469 629 1776 669 censorem
1834 610 2051 687 petisse
2106 612 2479 670 consulatum

491 707 850 784 comitiaque
906 707 1031 767 eius
1085 707 1164 767 ab
1212 710 1276 767 L.
1329 706 1508 766 Furio
1553 706 1792 766 tribuno
1848 707 2039 784 plebis
2095 707 2479 785 interpellata,

492 807 687 865 donec
716 825 780 865 se
798 824 1046 865 censura
1066 803 1380 877 abdicavit,
1405 805 1468 863 in
1492 803 1852 882 quibusdam
1880 805 2193 866 annalibus
2222 805 2476 865 invenio.

434 914 718 970 4creatus
775 906 1001 976 consul,
1060 923 1199 963 cum
1267 904 1529 979 collegae
1595 921 1819 962 novum
1884 904 2109 963 bellum
2172 902 2478 963 Sallentini

492 1002 693 1060 hostes
741 1002 1212 1073 decernerentur,
1266 1002 1499 1060 Rornae
1556 999 1787 1073 mansit,
1842 1011 1907 1059 ut
1965 999 2205 1060 urbanis
2259 1000 2482 1060 artibus

437 1122 464 1173 5
493 1118 637 1175 opes
665 1109 919 1174 augeret,
945 1099 1189 1173 quando
1219 1096 1358 1157 belli
1387 1097 1571 1156 decus
1601 1116 1785 1174 penes
1807 1096 1955 1156 alios
1984 1108 2157 1157 esset.
2238 1100 2483 1157 Volum-

493 1195 659 1255 nium
717 1194 1055 1273 provinciae
1110 1195 1272 1254 haud
1322 1192 1648 1270 paenituit;
1706 1195 1891 1253 multa
1948 1197 2211 1255 secunda
2259 1194 2481 1272 proelia

491 1291 645 1364 fecit,
690 1291 915 1369 aliquot
951 1291 1126 1351 urbes
1164 1288 1427 1350 hostium
1457 1290 1514 1348 vi
1552 1290 1724 1367 cepit.
1812 1293 2065 1367 praedae
2099 1302 2220 1351 erat
2249 1290 2484 1368 largitor

491 1401 551 1450 et
578 1389 1005 1467 benignitatem
1046 1408 1148 1465 per
1176 1408 1240 1448 se
1279 1399 1505 1465 gratam
1549 1388 1829 1448 comitate
1856 1389 2176 1449 adiuvabat
2215 1389 2484 1450 militem-

494 1507 612 1564 que
666 1486 758 1545 his
809 1487 1036 1546 artibus
1098 1487 1314 1545 fecerat
1383 1496 1442 1545 et
1505 1485 1750 1562 periculi
1817 1497 1875 1545 et
1945 1487 2161 1546 laboris
2222 1487 2479 1547 avidum.

437 1596 470 1646 6
496 1586 571 1660 Q.
619 1583 837 1643 Fabius
881 1603 987 1659 pro
1028 1585 1273 1643 consule
1314 1584 1392 1643 ad
1433 1582 1644 1643 urbem
1686 1582 1893 1642 Allifas
1942 1603 2080 1643 cum
2130 1583 2480 1644 Samnitium

495 1681 751 1742 exercitu
781 1680 961 1759 signis
988 1679 1239 1740 conlatis
1268 1679 1549 1756 confligit.
1636 1679 1880 1740 minime
1908 1680 2187 1757 ambigua
2221 1701 2311 1741 res
2340 1671 2453 1741 fuit‘
2467 1704 2483 1755 ;

494 1779 608 1839 fusi
652 1781 853 1839 hostes
902 1790 1082 1856 atque
1131 1778 1194 1837 in
1249 1790 1438 1839 castra
1494 1778 1803 1856 compulsi.
1893 1799 2006 1839 nec
2055 1789 2245 1839 castra
2291 1781 2484 1839 forent

493 1887 735 1949 retenta,
779 1879 839 1935 ni
878 1876 1154 1952 exiguum
1193 1875 1576 1952 superfuisset
1614 1875 1771 1949 diei3
1824 1888 1963 1937 ante
2001 1888 2242 1936 noctem
2285 1887 2482 1936 tamen

495 1984 632 2031 sunt
674 1972 1059 2032 circumsessa
1100 1981 1160 2030 et
1202 1982 1379 2030 nocte
1420 1971 1734 2044 custodita,
1780 1992 1857 2031 ne
1896 1971 2028 2048 quis
2071 1972 2227 2032 elabi
2265 1985 2479 2049 posset.

440 2087 467 2141 7
494 2080 732 2146 postero
761 2068 860 2128 die
889 2067 1129 2127 vixdum
1168 2068 1301 2126 luce
1335 2077 1495 2126 certa
1532 2066 1760 2126 deditio
1795 2067 1920 2128 fieri
1959 2078 2185 2145 coepta,
2220 2079 2279 2128 et
2307 2069 2481 2146 pacti,

496 2164 598 2243 qui
641 2163 995 2226 Samnitium
1035 2167 1244 2236 forent,
1282 2174 1348 2224 ut
1390 2183 1530 2224 cum
1572 2162 1816 2242 singulis
1859 2164 2224 2226 vestimentis
2261 2165 2484 2226 emitte-

439 2275 467 2322 8
494 2274 695 2325 rentur
713 2287 731 2339 3
773 2263 815 2322 ii
843 2283 1051 2322 omnes
1081 2262 1192 2326 sub
1227 2261 1429 2340 iugum
1472 2262 1650 2321 missi.
1738 2262 1913 2323 sociis
1955 2263 2308 2324 Samnitium
2339 2264 2484 2323 nihil

495 2372 737 2420 cautum
756 2382 773 2434 3
840 2360 918 2418 ad
976 2368 1205 2434 septem
1262 2357 1424 2417 milia
1479 2359 1593 2417 sub
1648 2378 1869 2418 corona
1923 2359 2173 2420 veniere.
2262 2363 2364 2436 qui
2421 2380 2485 2419 se

438 2481 469 2529 9
495 2458 685 2517 civem
718 2455 1051 2517 Hernicum
1087 2454 1328 2527 dixerat,
1361 2474 1595 2515 seorsus
1630 2455 1692 2514 in
1731 2455 2002 2515 custodia
2040 2457 2294 2516 habituS.
2381 2477 2483 2517 eos

496 2575 704 2616 omnes
752 2552 970 2614 Fabius
1018 2555 1277 2611 Romam
1321 2554 1400 2613 ad
1445 2563 1717 2612 senatum
1767 2551 1966 2627 misit3
2027 2564 2086 2612 et
2130 2572 2268 2613 cum
2311 2573 2484 2631 quae-

496 2653 674 2713 situm
714 2662 886 2725 esset,
923 2652 1143 2711 dilectu
1181 2669 1259 2735 an
1299 2648 1609 2709 voluntarii
1657 2669 1765 2727 pro
1804 2649 2167 2710 Samnitibus
2204 2652 2483 2712 adversus

414 2771 474 2806 ιο
499 2753 807 2811 Romanos
826 2752 1161 2821 bellassent,
1184 2768 1287 2826 per
1310 2747 1555 2808 Latinos
1578 2749 1830 2825 populos
1852 2748 2230 2809 custodiendi
2251 2751 2481 2818 dantur,

495 2848 758 2925 iussique
806 2867 938 2908 eam
994 2847 1280 2922 integram
1338 2866 1464 2906 rem
1519 2844 1659 2906 novi
1714 2847 1989 2906 consules
2047 2849 2111 2906 P.
2172 2847 2484 2908 Cornelius

495 2944 732 3017 Arvina,
767 2946 842 3020 Q.
882 2943 1144 3002 Marcius
1186 2942 1648 3003 Tremulus—hi
1678 2941 1838 3003 enim
1875 2942 1992 3002 iarn
2030 2944 2209 3004 creati
2238 2956 2483 3005 erant—

412 3070 464 3106 ιι
494 3045 572 3103 ad
629 3051 900 3103 senatum
956 3042 1181 3099 referre.
1269 3039 1330 3099 id
1387 3060 1560 3116 aegre
1608 3040 1764 3117 passi
1815 3040 2102 3115 Hernici3
2164 3042 2482 3101 concilium

495 3143 851 3217 populorum
894 3137 1163 3198 omnium
1206 3136 1564 3196 habentibus
1608 3137 1936 3214 Anagninis
1979 3137 2042 3197 in
2083 3137 2256 3211 circ0,
2303 3160 2484 3216 quem

498 3237 867 3297 Maritimum
911 3245 1143 3308 vocant,
1192 3245 1420 3311 praeter
1477 3234 1867 3295 Aletrinatem
1924 3234 2483 3313 Ferentinatemque

496 3347 554 3395 et
623 3337 989 3394 Verulanum
1059 3351 1268 3392 omnes
1340 3331 1591 3393 Hernici
1659 3332 1918 3393 nominis
1983 3335 2198 3410 populi
2258 3338 2482 3412 populo

497 3436 775 3492 Romano
817 3431 1039 3490 bellum
1083 3428 1433 3488 indixerunt.

380 3544 468 3609 43
578 3534 651 3590 In
700 3530 944 3589 Samnio
993 3546 1250 3603 quoque,
1300 3525 1441 3602 quia
1489 3527 1821 3585 decesserat
1869 3526 2010 3586 inde
2060 3527 2296 3602 Fabius,
2342 3527 2480 3588 novi

496 3639 691 3690 motus
740 3624 938 3686 exorti.
1044 3622 1271 3684 Calatia
1320 3632 1378 3680 et
1427 3623 1574 3681 Sora
1621 3622 2047 3700 praesidiaque,
2099 3644 2253 3700 quae
2302 3624 2362 3683 in
2409 3625 2479 3684 iis
