<?xml version="1.0" encoding="UTF-8"?>
<!DOCTYPE html PUBLIC "-//W3C//DTD XHTML 1.0 Transitional//EN"
    "http://www.w3.org/TR/xhtml1/DTD/xhtml1-transitional.dtd">
<html xmlns="http://www.w3.org/1999/xhtml" xml:lang="en" lang="en">
 <head>
  <title>
</title>
<meta http-equiv="Content-Type" content="text/html;charset=utf-8" />
  <meta name='ocr-system' content='tesseract 3.04.00' />
  <meta name='ocr-capabilities' content='ocr_page ocr_carea ocr_par ocr_line ocrx_word'/>
</head>
<body>
  <div class='ocr_page' id='page_1' title='image "./tliviaburbacond00livygoog_0032.png"; bbox 0 0 2909 4381; ppageno 0'>
   <div class='ocr_carea' id='block_1_1' title="bbox 1322 205 1619 263">
    <p class='ocr_par' dir='ltr' id='par_1_1' title="bbox 1322 205 1619 263">
     <span class='ocr_line' id='line_1_1' title="bbox 1322 205 1619 263; baseline 0 0"><span class='ocrx_word' id='word_1_1' title='bbox 1322 205 1394 263; x_wconf 91' lang='lat' dir='ltr'><strong>T.</strong></span> <span class='ocrx_word' id='word_1_2' title='bbox 1441 205 1619 263; x_wconf 95' lang='lat' dir='ltr'>LIVI</span> 
     </span>
    </p>
   </div>
   <div class='ocr_carea' id='block_1_2' title="bbox 383 366 2464 3652">
    <p class='ocr_par' dir='ltr' id='par_1_2' title="bbox 383 366 2464 3652">
     <span class='ocr_line' id='line_1_2' title="bbox 478 366 2462 445; baseline 0.001 -18"><span class='ocrx_word' id='word_1_3' title='bbox 478 389 599 427; x_wconf 90' lang='lat' dir='ltr'><strong>non</strong></span> <span class='ocrx_word' id='word_1_4' title='bbox 629 368 974 428; x_wconf 88' lang='lat' dir='ltr'><strong>difficillima</strong></span> <span class='ocrx_word' id='word_1_5' title='bbox 1002 377 1156 427; x_wconf 92' lang='lat' dir='ltr'><strong>esset</strong></span> <span class='ocrx_word' id='word_1_6' title='bbox 1197 369 1358 445; x_wconf 92' lang='lat' dir='ltr'><strong>apud</strong></span> <span class='ocrx_word' id='word_1_7' title='bbox 1397 369 1558 426; x_wconf 90' lang='lat' dir='ltr'><strong>haud</strong></span> <span class='ocrx_word' id='word_1_8' title='bbox 1598 366 1831 444; x_wconf 88' lang='lat' dir='ltr'><strong>ignaros</strong></span> <span class='ocrx_word' id='word_1_9' title='bbox 1866 370 2229 429; x_wconf 86' lang='lat' dir='ltr'><strong>fortunarum</strong></span> <span class='ocrx_word' id='word_1_10' title='bbox 2260 370 2462 428; x_wconf 91' lang='lat' dir='ltr'><strong>huma-</strong></span> 
     </span>
     <span class='ocr_line' id='line_1_3' title="bbox 476 463 2464 542; baseline -0.001 -19"><span class='ocrx_word' id='word_1_11' title='bbox 476 484 685 524; x_wconf 88' lang='lat' dir='ltr'><strong>narum</strong></span> <span class='ocrx_word' id='word_1_12' title='bbox 728 463 1302 542; x_wconf 87' lang='lat' dir='ltr'><strong>necessitatiumque,</strong></span> <span class='ocrx_word' id='word_1_13' title='bbox 1349 463 1705 524; x_wconf 84' lang='lat' dir='ltr'><strong>sententiam</strong></span> <span class='ocrx_word' id='word_1_14' title='bbox 1743 467 1821 524; x_wconf 92' lang='lat' dir='ltr'><strong>de</strong></span> <span class='ocrx_word' id='word_1_15' title='bbox 1855 485 1945 538; x_wconf 92' lang='lat' dir='ltr'><strong>e0,</strong></span> <span class='ocrx_word' id='word_1_16' title='bbox 1979 466 2057 525; x_wconf 91' lang='lat' dir='ltr'><strong>de</strong></span> <span class='ocrx_word' id='word_1_17' title='bbox 2096 484 2219 541; x_wconf 95' lang='lat' dir='ltr'><strong>quo</strong></span> <span class='ocrx_word' id='word_1_18' title='bbox 2247 464 2464 524; x_wconf 92' lang='lat' dir='ltr'><strong>rettuli-</strong></span> 
     </span>
     <span class='ocr_line' id='line_1_4' title="bbox 475 560 2462 640; baseline -0.002 -18"><span class='ocrx_word' id='word_1_19' title='bbox 475 561 596 633; x_wconf 81' lang='lat' dir='ltr'><strong>stiS,</strong></span> <span class='ocrx_word' id='word_1_20' title='bbox 629 562 832 639; x_wconf 85' lang='lat' dir='ltr'>paucis</span> <span class='ocrx_word' id='word_1_21' title='bbox 861 582 1175 640; x_wconf 69' lang='lat' dir='ltr'><strong>peragamj,</strong></span> <span class='ocrx_word' id='word_1_22' title='bbox 1216 581 1369 637; x_wconf 90' lang='lat' dir='ltr'><strong>quae</strong></span> <span class='ocrx_word' id='word_1_23' title='bbox 1413 563 1705 621; x_wconf 92' lang='lat' dir='ltr'><strong>sententia</strong></span> <span class='ocrx_word' id='word_1_24' title='bbox 1747 563 1912 621; x_wconf 90' lang='lat' dir='ltr'><strong>testis</strong></span> <span class='ocrx_word' id='word_1_25' title='bbox 1952 560 2077 634; x_wconf 92' lang='lat' dir='ltr'><strong>erit,</strong></span> <span class='ocrx_word' id='word_1_26' title='bbox 2121 560 2344 621; x_wconf 84' lang='lat' dir='ltr'>mihine</span> <span class='ocrx_word' id='word_1_27' title='bbox 2384 581 2462 619; x_wconf 90' lang='lat' dir='ltr'><strong>an</strong></span> 
     </span>
     <span class='ocr_line' id='line_1_5' title="bbox 476 658 2463 737; baseline 0 -19"><span class='ocrx_word' id='word_1_28' title='bbox 476 659 807 736; x_wconf 86' lang='lat' dir='ltr'><strong>legionibus</strong></span> <span class='ocrx_word' id='word_1_29' title='bbox 836 660 1042 720; x_wconf 90' lang='lat' dir='ltr'><strong>vestris</strong></span> <span class='ocrx_word' id='word_1_30' title='bbox 1083 659 1463 737; x_wconf 85' lang='lat' dir='ltr'><strong>pepercerim,</strong></span> <span class='ocrx_word' id='word_1_31' title='bbox 1496 680 1635 720; x_wconf 88' lang='lat' dir='ltr'><strong>cum</strong></span> <span class='ocrx_word' id='word_1_32' title='bbox 1679 678 1776 718; x_wconf 88' lang='lat' dir='ltr'><strong>me</strong></span> <span class='ocrx_word' id='word_1_33' title='bbox 1813 678 1918 718; x_wconf 90' lang='lat' dir='ltr'><strong>seu</strong></span> <span class='ocrx_word' id='word_1_34' title='bbox 1949 658 2105 735; x_wconf 91' lang='lat' dir='ltr'><strong>turpi</strong></span> <span class='ocrx_word' id='word_1_35' title='bbox 2132 679 2237 718; x_wconf 92' lang='lat' dir='ltr'><strong>seu</strong></span> <span class='ocrx_word' id='word_1_36' title='bbox 2267 678 2463 719; x_wconf 90' lang='lat' dir='ltr'><strong>neces-</strong></span> 
     </span>
     <span class='ocr_line' id='line_1_6' title="bbox 419 752 2463 834; baseline -0 -20"><span class='ocrx_word' id='word_1_37' title='bbox 419 773 448 822; x_wconf 85' lang='lat'><strong>5</strong></span> <span class='ocrx_word' id='word_1_38' title='bbox 474 755 624 815; x_wconf 90' lang='lat' dir='ltr'><strong>saria</strong></span> <span class='ocrx_word' id='word_1_39' title='bbox 652 756 973 834; x_wconf 89' lang='lat' dir='ltr'><strong>sponsione</strong></span> <span class='ocrx_word' id='word_1_40' title='bbox 1001 756 1302 828; x_wconf 88' lang='lat' dir='ltr'><strong>obstrinxi,</strong></span> <span class='ocrx_word' id='word_1_41' title='bbox 1335 776 1454 833; x_wconf 92' lang='lat' dir='ltr'><strong>qua</strong></span> <span class='ocrx_word' id='word_1_42' title='bbox 1482 767 1699 828; x_wconf 89' lang='lat' dir='ltr'><strong>tamen,</strong></span> <span class='ocrx_word' id='word_1_43' title='bbox 1732 756 1974 832; x_wconf 86' lang='lat' dir='ltr'><strong>quando</strong></span> <span class='ocrx_word' id='word_1_44' title='bbox 2005 754 2229 814; x_wconf 93' lang='lat' dir='ltr'><strong>iniussu</strong></span> <span class='ocrx_word' id='word_1_45' title='bbox 2258 752 2463 832; x_wconf 91' lang='lat' dir='ltr'><strong>populi</strong></span> 
     </span>
     <span class='ocr_line' id='line_1_7' title="bbox 474 851 2463 931; baseline -0.002 -19"><span class='ocrx_word' id='word_1_46' title='bbox 474 855 628 913; x_wconf 87' lang='lat' dir='ltr'><strong>facta</strong></span> <span class='ocrx_word' id='word_1_47' title='bbox 657 864 760 925; x_wconf 94' lang='lat' dir='ltr'><strong>est,</strong></span> <span class='ocrx_word' id='word_1_48' title='bbox 794 874 918 914; x_wconf 90' lang='lat' dir='ltr'><strong>non</strong></span> <span class='ocrx_word' id='word_1_49' title='bbox 962 864 1192 914; x_wconf 92' lang='lat' dir='ltr'><strong>tenetur</strong></span> <span class='ocrx_word' id='word_1_50' title='bbox 1230 855 1488 931; x_wconf 91' lang='lat' dir='ltr'><strong>populus</strong></span> <span class='ocrx_word' id='word_1_51' title='bbox 1533 856 1859 925; x_wconf 81' lang='lat' dir='ltr'><strong>RomanuS,</strong></span> <span class='ocrx_word' id='word_1_52' title='bbox 1892 871 2003 911; x_wconf 91' lang='lat' dir='ltr'><strong>nec</strong></span> <span class='ocrx_word' id='word_1_53' title='bbox 2042 851 2362 928; x_wconf 91' lang='lat' dir='ltr'><strong>quicquam</strong></span> <span class='ocrx_word' id='word_1_54' title='bbox 2391 870 2463 911; x_wconf 87' lang='lat' dir='ltr'><strong>ex</strong></span> 
     </span>
     <span class='ocr_line' id='line_1_8' title="bbox 418 948 2463 1029; baseline -0.002 -18"><span class='ocrx_word' id='word_1_55' title='bbox 418 969 450 1019; x_wconf 84' lang='lat'><strong>6</strong></span> <span class='ocrx_word' id='word_1_56' title='bbox 475 971 546 1011; x_wconf 91' lang='lat' dir='ltr'><strong>ea</strong></span> <span class='ocrx_word' id='word_1_57' title='bbox 573 962 983 1029; x_wconf 86' lang='lat' dir='ltr'><strong>praeterquam</strong></span> <span class='ocrx_word' id='word_1_58' title='bbox 1013 971 1261 1028; x_wconf 90' lang='lat' dir='ltr'><strong>corpora</strong></span> <span class='ocrx_word' id='word_1_59' title='bbox 1288 961 1490 1009; x_wconf 89' lang='lat' dir='ltr'><strong>nostra</strong></span> <span class='ocrx_word' id='word_1_60' title='bbox 1518 950 1810 1010; x_wconf 91' lang='lat' dir='ltr'><strong>debentur</strong></span> <span class='ocrx_word' id='word_1_61' title='bbox 1839 948 2217 1009; x_wconf 68' lang='lat' dir='ltr'><strong>Samnitibus</strong></span> <span class='ocrx_word' id='word_1_62' title='bbox 2286 949 2463 1008; x_wconf 91' lang='lat' dir='ltr'><strong>deda-</strong></span> 
     </span>
     <span class='ocr_line' id='line_1_9' title="bbox 474 1045 2462 1126; baseline -0.001 -19"><span class='ocrx_word' id='word_1_63' title='bbox 474 1069 605 1108; x_wconf 90' lang='lat' dir='ltr'><strong>mur</strong></span> <span class='ocrx_word' id='word_1_64' title='bbox 661 1069 763 1126; x_wconf 92' lang='lat' dir='ltr'><strong>per</strong></span> <span class='ocrx_word' id='word_1_65' title='bbox 832 1048 1057 1108; x_wconf 88' lang='lat' dir='ltr'><strong>fetiales</strong></span> <span class='ocrx_word' id='word_1_66' title='bbox 1128 1047 1275 1108; x_wconf 92' lang='lat' dir='ltr'><strong>nudi</strong></span> <span class='ocrx_word' id='word_1_67' title='bbox 1330 1047 1675 1124; x_wconf 70' lang='lat' dir='ltr'><strong>vinctique,</strong></span> <span class='ocrx_word' id='word_1_68' title='bbox 1743 1050 2112 1108; x_wconf 91' lang='lat' dir='ltr'><strong>exsolvamus</strong></span> <span class='ocrx_word' id='word_1_69' title='bbox 2183 1045 2462 1123; x_wconf 86' lang='lat' dir='ltr'><strong>religione</strong></span> 
     </span>
     <span class='ocr_line' id='line_1_10' title="bbox 473 1142 2460 1223; baseline -0.002 -18"><span class='ocrx_word' id='word_1_70' title='bbox 473 1149 778 1223; x_wconf 89' lang='lat' dir='ltr'><strong>populum,</strong></span> <span class='ocrx_word' id='word_1_71' title='bbox 831 1145 879 1205; x_wconf 89' lang='lat' dir='ltr'><strong>si</strong></span> <span class='ocrx_word' id='word_1_72' title='bbox 924 1166 1044 1222; x_wconf 92' lang='lat' dir='ltr'><strong>qua</strong></span> <span class='ocrx_word' id='word_1_73' title='bbox 1097 1144 1507 1222; x_wconf 83' lang='lat' dir='ltr'><strong>obligavimus,</strong></span> <span class='ocrx_word' id='word_1_74' title='bbox 1567 1166 1643 1205; x_wconf 92' lang='lat' dir='ltr'><strong>ne</strong></span> <span class='ocrx_word' id='word_1_75' title='bbox 1700 1144 1845 1222; x_wconf 93' lang='lat' dir='ltr'><strong>quid</strong></span> <span class='ocrx_word' id='word_1_76' title='bbox 1902 1143 2088 1205; x_wconf 92' lang='lat' dir='ltr'><strong>divini</strong></span> <span class='ocrx_word' id='word_1_77' title='bbox 2144 1142 2460 1202; x_wconf 88' lang='lat' dir='ltr'><strong>humanive</strong></span> 
     </span>
     <span class='ocr_line' id='line_1_11' title="bbox 473 1240 2463 1320; baseline -0.002 -18"><span class='ocrx_word' id='word_1_78' title='bbox 473 1243 685 1314; x_wconf 88' lang='lat' dir='ltr'><strong>obstet,</strong></span> <span class='ocrx_word' id='word_1_79' title='bbox 747 1262 869 1320; x_wconf 94' lang='lat' dir='ltr'><strong>quo</strong></span> <span class='ocrx_word' id='word_1_80' title='bbox 930 1242 1123 1302; x_wconf 89' lang='lat' dir='ltr'><strong>minus</strong></span> <span class='ocrx_word' id='word_1_81' title='bbox 1194 1242 1415 1301; x_wconf 92' lang='lat' dir='ltr'><strong>iustum</strong></span> <span class='ocrx_word' id='word_1_82' title='bbox 1472 1241 1758 1318; x_wconf 89' lang='lat' dir='ltr'><strong>piumque</strong></span> <span class='ocrx_word' id='word_1_83' title='bbox 1815 1243 1893 1302; x_wconf 91' lang='lat' dir='ltr'><strong>de</strong></span> <span class='ocrx_word' id='word_1_84' title='bbox 1948 1241 2176 1319; x_wconf 89' lang='lat' dir='ltr'><strong>integro</strong></span> <span class='ocrx_word' id='word_1_85' title='bbox 2233 1240 2463 1301; x_wconf 87' lang='lat' dir='ltr'><strong>ineatur</strong></span> 
     </span>
     <span class='ocr_line' id='line_1_12' title="bbox 420 1338 2457 1413; baseline -0 -13"><span class='ocrx_word' id='word_1_86' title='bbox 420 1341 715 1413; x_wconf 86' lang='lat' dir='ltr'><strong>7bellum.</strong></span> <span class='ocrx_word' id='word_1_87' title='bbox 840 1340 1064 1400; x_wconf 91' lang='lat' dir='ltr'><strong>interea</strong></span> <span class='ocrx_word' id='word_1_88' title='bbox 1130 1342 1405 1400; x_wconf 91' lang='lat' dir='ltr'><strong>consules</strong></span> <span class='ocrx_word' id='word_1_89' title='bbox 1478 1339 1798 1400; x_wconf 91' lang='lat' dir='ltr'><strong>exercitum</strong></span> <span class='ocrx_word' id='word_1_90' title='bbox 1870 1338 2140 1412; x_wconf 90' lang='lat' dir='ltr'><strong>scribere,</strong></span> <span class='ocrx_word' id='word_1_91' title='bbox 2215 1359 2457 1410; x_wconf 89' lang='lat' dir='ltr'><strong>armare,</strong></span> 
     </span>
     <span class='ocr_line' id='line_1_13' title="bbox 472 1435 2463 1514; baseline -0.001 -18"><span class='ocrx_word' id='word_1_92' title='bbox 472 1438 725 1497; x_wconf 88' lang='lat' dir='ltr'><strong>educere</strong></span> <span class='ocrx_word' id='word_1_93' title='bbox 753 1439 947 1514; x_wconf 91' lang='lat' dir='ltr'><strong>placet</strong></span> <span class='ocrx_word' id='word_1_94' title='bbox 976 1456 1087 1496; x_wconf 91' lang='lat' dir='ltr'><strong>nec</strong></span> <span class='ocrx_word' id='word_1_95' title='bbox 1116 1436 1274 1512; x_wconf 88' lang='lat' dir='ltr'><strong>prius</strong></span> <span class='ocrx_word' id='word_1_96' title='bbox 1305 1436 1532 1513; x_wconf 91' lang='lat' dir='ltr'><strong>ingredi</strong></span> <span class='ocrx_word' id='word_1_97' title='bbox 1555 1436 1816 1496; x_wconf 91' lang='lat' dir='ltr'><strong>hostiurn</strong></span> <span class='ocrx_word' id='word_1_98' title='bbox 1847 1437 2010 1510; x_wconf 81' lang='lat' dir='ltr'><strong>fineS,</strong></span> <span class='ocrx_word' id='word_1_99' title='bbox 2045 1457 2224 1513; x_wconf 88' lang='lat' dir='ltr'><strong>quam</strong></span> <span class='ocrx_word' id='word_1_100' title='bbox 2261 1435 2463 1496; x_wconf 91' lang='lat' dir='ltr'><strong>omnia</strong></span> 
     </span>
     <span class='ocr_line' id='line_1_14' title="bbox 417 1532 2458 1610; baseline -0.001 -14"><span class='ocrx_word' id='word_1_101' title='bbox 417 1550 444 1596; x_wconf 92' lang='lat'>8</span> <span class='ocrx_word' id='word_1_102' title='bbox 473 1532 626 1592; x_wconf 91' lang='lat' dir='ltr'><strong>iusta</strong></span> <span class='ocrx_word' id='word_1_103' title='bbox 654 1532 715 1592; x_wconf 91' lang='lat' dir='ltr'><strong>in</strong></span> <span class='ocrx_word' id='word_1_104' title='bbox 738 1532 1044 1593; x_wconf 92' lang='lat' dir='ltr'><strong>deditione</strong></span> <span class='ocrx_word' id='word_1_105' title='bbox 1063 1541 1263 1594; x_wconf 91' lang='lat' dir='ltr'><strong>nostra</strong></span> <span class='ocrx_word' id='word_1_106' title='bbox 1290 1535 1551 1610; x_wconf 89' lang='lat' dir='ltr'><strong>perfecta</strong></span> <span class='ocrx_word' id='word_1_107' title='bbox 1573 1545 1759 1593; x_wconf 89' lang='lat' dir='ltr'><strong>erunt.</strong></span> <span class='ocrx_word' id='word_1_108' title='bbox 1845 1553 1968 1606; x_wconf 82' lang='lat' dir='ltr'><strong>VOS,</strong></span> <span class='ocrx_word' id='word_1_109' title='bbox 1994 1533 2057 1593; x_wconf 92' lang='lat' dir='ltr'><strong>di</strong></span> <span class='ocrx_word' id='word_1_110' title='bbox 2080 1533 2458 1608; x_wconf 81' lang='lat' dir='ltr'><strong>immortaleS,</strong></span> 
     </span>
     <span class='ocr_line' id='line_1_15' title="bbox 473 1630 2455 1708; baseline 0.001 -20"><span class='ocrx_word' id='word_1_111' title='bbox 473 1650 679 1707; x_wconf 91' lang='lat' dir='ltr'><strong>precor</strong></span> <span class='ocrx_word' id='word_1_112' title='bbox 721 1651 1080 1708; x_wconf 88' lang='lat' dir='ltr'><strong>quaesoque,</strong></span> <span class='ocrx_word' id='word_1_113' title='bbox 1118 1630 1168 1690; x_wconf 90' lang='lat' dir='ltr'><strong>si</strong></span> <span class='ocrx_word' id='word_1_114' title='bbox 1210 1630 1379 1692; x_wconf 91' lang='lat' dir='ltr'><strong>vobis</strong></span> <span class='ocrx_word' id='word_1_115' title='bbox 1422 1651 1544 1691; x_wconf 93' lang='lat' dir='ltr'><strong>non</strong></span> <span class='ocrx_word' id='word_1_116' title='bbox 1587 1631 1695 1691; x_wconf 88' lang='lat' dir='ltr'><strong>fuit</strong></span> <span class='ocrx_word' id='word_1_117' title='bbox 1739 1631 1905 1692; x_wconf 92' lang='lat' dir='ltr'><strong>cordi</strong></span> <span class='ocrx_word' id='word_1_118' title='bbox 1933 1633 2031 1708; x_wconf 91' lang='lat' dir='ltr'><strong>Sp.</strong></span> <span class='ocrx_word' id='word_1_119' title='bbox 2067 1631 2455 1705; x_wconf 91' lang='lat' dir='ltr'><strong>Postumium,</strong></span> 
     </span>
     <span class='ocr_line' id='line_1_16' title="bbox 471 1727 2458 1807; baseline 0.001 -21"><span class='ocrx_word' id='word_1_120' title='bbox 471 1729 544 1787; x_wconf 91' lang='lat' dir='ltr'><strong>T.</strong></span> <span class='ocrx_word' id='word_1_121' title='bbox 594 1727 905 1788; x_wconf 90' lang='lat' dir='ltr'><strong>Veturium</strong></span> <span class='ocrx_word' id='word_1_122' title='bbox 954 1730 1228 1789; x_wconf 92' lang='lat' dir='ltr'><strong>consules</strong></span> <span class='ocrx_word' id='word_1_123' title='bbox 1285 1748 1422 1788; x_wconf 91' lang='lat' dir='ltr'><strong>cum</strong></span> <span class='ocrx_word' id='word_1_124' title='bbox 1481 1728 1845 1789; x_wconf 91' lang='lat' dir='ltr'><strong>Samnitibus</strong></span> <span class='ocrx_word' id='word_1_125' title='bbox 1900 1749 2180 1807; x_wconf 91' lang='lat' dir='ltr'><strong>prospere</strong></span> <span class='ocrx_word' id='word_1_126' title='bbox 2236 1729 2458 1788; x_wconf 90' lang='lat' dir='ltr'><strong>bellum</strong></span> 
     </span>
     <span class='ocr_line' id='line_1_17' title="bbox 415 1824 2456 1902; baseline 0.001 -20"><span class='ocrx_word' id='word_1_127' title='bbox 415 1845 446 1894; x_wconf 90' lang='lat'>9</span> <span class='ocrx_word' id='word_1_128' title='bbox 469 1843 684 1900; x_wconf 90' lang='lat' dir='ltr'><strong>gerere,</strong></span> <span class='ocrx_word' id='word_1_129' title='bbox 716 1836 776 1885; x_wconf 91' lang='lat' dir='ltr'><strong>at</strong></span> <span class='ocrx_word' id='word_1_130' title='bbox 804 1845 909 1884; x_wconf 89' lang='lat' dir='ltr'><strong>vos</strong></span> <span class='ocrx_word' id='word_1_131' title='bbox 952 1825 1091 1884; x_wconf 91' lang='lat' dir='ltr'><strong>satis</strong></span> <span class='ocrx_word' id='word_1_132' title='bbox 1130 1824 1396 1884; x_wconf 87' lang='lat' dir='ltr'><strong>habeatis</strong></span> <span class='ocrx_word' id='word_1_133' title='bbox 1423 1824 1641 1885; x_wconf 91' lang='lat' dir='ltr'><strong>vidisse</strong></span> <span class='ocrx_word' id='word_1_134' title='bbox 1682 1846 1791 1886; x_wconf 91' lang='lat' dir='ltr'><strong>nos</strong></span> <span class='ocrx_word' id='word_1_135' title='bbox 1831 1826 1942 1885; x_wconf 92' lang='lat' dir='ltr'><strong>sub</strong></span> <span class='ocrx_word' id='word_1_136' title='bbox 1986 1825 2189 1902; x_wconf 91' lang='lat' dir='ltr'><strong>iugum</strong></span> <span class='ocrx_word' id='word_1_137' title='bbox 2230 1824 2456 1899; x_wconf 81' lang='lat' dir='ltr'><strong>misSOS,</strong></span> 
     </span>
     <span class='ocr_line' id='line_1_18' title="bbox 469 1919 2460 1997; baseline 0.001 -18"><span class='ocrx_word' id='word_1_138' title='bbox 469 1919 687 1980; x_wconf 91' lang='lat' dir='ltr'><strong>vidisse</strong></span> <span class='ocrx_word' id='word_1_139' title='bbox 716 1919 1035 1997; x_wconf 90' lang='lat' dir='ltr'><strong>sponsione</strong></span> <span class='ocrx_word' id='word_1_140' title='bbox 1065 1919 1268 1978; x_wconf 88' lang='lat' dir='ltr'><strong>infami</strong></span> <span class='ocrx_word' id='word_1_141' title='bbox 1305 1920 1613 1996; x_wconf 81' lang='lat' dir='ltr'><strong>obligatOS,</strong></span> <span class='ocrx_word' id='word_1_142' title='bbox 1648 1921 1848 1980; x_wconf 89' lang='lat' dir='ltr'><strong>videre</strong></span> <span class='ocrx_word' id='word_1_143' title='bbox 1890 1924 2083 1980; x_wconf 91' lang='lat' dir='ltr'><strong>nudos</strong></span> <span class='ocrx_word' id='word_1_144' title='bbox 2111 1923 2460 1997; x_wconf 90' lang='lat' dir='ltr'><strong>vinctosque</strong></span> 
     </span>
     <span class='ocr_line' id='line_1_19' title="bbox 469 2016 2458 2093; baseline 0.001 -17"><span class='ocrx_word' id='word_1_145' title='bbox 469 2016 739 2076; x_wconf 90' lang='lat' dir='ltr'><strong>hostibus</strong></span> <span class='ocrx_word' id='word_1_146' title='bbox 790 2017 1042 2091; x_wconf 84' lang='lat' dir='ltr'><strong>deditos,</strong></span> <span class='ocrx_word' id='word_1_147' title='bbox 1095 2036 1335 2076; x_wconf 90' lang='lat' dir='ltr'><strong>omnem</strong></span> <span class='ocrx_word' id='word_1_148' title='bbox 1382 2016 1528 2075; x_wconf 90' lang='lat' dir='ltr'><strong>iram</strong></span> <span class='ocrx_word' id='word_1_149' title='bbox 1580 2017 1840 2076; x_wconf 90' lang='lat' dir='ltr'><strong>hostium</strong></span> <span class='ocrx_word' id='word_1_150' title='bbox 1893 2016 2107 2076; x_wconf 90' lang='lat' dir='ltr'><strong>nostris</strong></span> <span class='ocrx_word' id='word_1_151' title='bbox 2164 2017 2458 2093; x_wconf 91' lang='lat' dir='ltr'><strong>capitibus</strong></span> 
     </span>
     <span class='ocr_line' id='line_1_20' title="bbox 384 2113 2456 2190; baseline -0.002 -12"><span class='ocrx_word' id='word_1_152' title='bbox 384 2141 444 2178; x_wconf 89' lang='lat'><strong>10</strong></span> <span class='ocrx_word' id='word_1_153' title='bbox 469 2113 828 2190; x_wconf 86' lang='lat' dir='ltr'><strong>excipientes</strong></span> <span class='ocrx_word' id='word_1_154' title='bbox 847 2135 865 2188; x_wconf 83' lang='lat'>3</span> <span class='ocrx_word' id='word_1_155' title='bbox 906 2133 1093 2174; x_wconf 91' lang='lat' dir='ltr'><strong>novos</strong></span> <span class='ocrx_word' id='word_1_156' title='bbox 1137 2115 1411 2173; x_wconf 89' lang='lat' dir='ltr'><strong>consules</strong></span> <span class='ocrx_word' id='word_1_157' title='bbox 1450 2115 1833 2190; x_wconf 88' lang='lat' dir='ltr'><strong>legionesque</strong></span> <span class='ocrx_word' id='word_1_158' title='bbox 1870 2117 2174 2173; x_wconf 88' lang='lat' dir='ltr'><strong>Romanas</strong></span> <span class='ocrx_word' id='word_1_159' title='bbox 2210 2116 2291 2173; x_wconf 85' lang='lat' dir='ltr'><strong>ita</strong></span> <span class='ocrx_word' id='word_1_160' title='bbox 2318 2134 2456 2173; x_wconf 91' lang='lat' dir='ltr'><strong>cum</strong></span> 
     </span>
     <span class='ocr_line' id='line_1_21' title="bbox 469 2210 2457 2290; baseline -0.001 -17"><span class='ocrx_word' id='word_1_161' title='bbox 469 2212 734 2273; x_wconf 89' lang='lat' dir='ltr'><strong>Samnite</strong></span> <span class='ocrx_word' id='word_1_162' title='bbox 776 2233 974 2290; x_wconf 88' lang='lat' dir='ltr'><strong>gerere</strong></span> <span class='ocrx_word' id='word_1_163' title='bbox 1016 2212 1239 2272; x_wconf 91' lang='lat' dir='ltr'><strong>bellum</strong></span> <span class='ocrx_word' id='word_1_164' title='bbox 1269 2210 1476 2284; x_wconf 82' lang='lat' dir='ltr'><strong>velitiS,</strong></span> <span class='ocrx_word' id='word_1_165' title='bbox 1508 2223 1573 2271; x_wconf 94' lang='lat' dir='ltr'><strong>ut</strong></span> <span class='ocrx_word' id='word_1_166' title='bbox 1616 2211 1820 2272; x_wconf 91' lang='lat' dir='ltr'><strong>omnia</strong></span> <span class='ocrx_word' id='word_1_167' title='bbox 1859 2223 1998 2272; x_wconf 90' lang='lat' dir='ltr'><strong>ante</strong></span> <span class='ocrx_word' id='word_1_168' title='bbox 2041 2232 2152 2272; x_wconf 91' lang='lat' dir='ltr'><strong>nos</strong></span> <span class='ocrx_word' id='word_1_169' title='bbox 2182 2215 2457 2272; x_wconf 92' lang='lat' dir='ltr'><strong>consules</strong></span> 
     </span>
     <span class='ocr_line' id='line_1_22' title="bbox 387 2306 2459 2386; baseline -0 -17"><span class='ocrx_word' id='word_1_170' title='bbox 387 2332 441 2369; x_wconf 89' lang='lat'><strong>11</strong></span> <span class='ocrx_word' id='word_1_171' title='bbox 469 2309 625 2368; x_wconf 88' lang='lat' dir='ltr'><strong>bella</strong></span> <span class='ocrx_word' id='word_1_172' title='bbox 668 2320 832 2386; x_wconf 92' lang='lat' dir='ltr'><strong>gesta</strong></span> <span class='ocrx_word' id='word_1_173' title='bbox 876 2311 1048 2368; x_wconf 77' lang='lat' dir='ltr'><strong>sunt.²</strong></span> <span class='ocrx_word' id='word_1_174' title='bbox 1133 2328 1285 2384; x_wconf 89' lang='lat' dir='ltr'><strong>quae</strong></span> <span class='ocrx_word' id='word_1_175' title='bbox 1332 2307 1435 2368; x_wconf 87' lang='lat' dir='ltr'><strong>ubi</strong></span> <span class='ocrx_word' id='word_1_176' title='bbox 1491 2306 1653 2381; x_wconf 88' lang='lat' dir='ltr'><strong>dixit,</strong></span> <span class='ocrx_word' id='word_1_177' title='bbox 1704 2319 1867 2368; x_wconf 87' lang='lat' dir='ltr'><strong>tanta</strong></span> <span class='ocrx_word' id='word_1_178' title='bbox 1916 2307 2091 2367; x_wconf 91' lang='lat' dir='ltr'><strong>simul</strong></span> <span class='ocrx_word' id='word_1_179' title='bbox 2146 2309 2459 2369; x_wconf 87' lang='lat' dir='ltr'><strong>admiratio</strong></span> 
     </span>
     <span class='ocr_line' id='line_1_23' title="bbox 469 2404 2458 2482; baseline 0 -17"><span class='ocrx_word' id='word_1_180' title='bbox 469 2405 887 2482; x_wconf 89' lang='lat' dir='ltr'><strong>miseratioque</strong></span> <span class='ocrx_word' id='word_1_181' title='bbox 916 2404 1021 2475; x_wconf 85' lang='lat' dir='ltr'><strong>viri</strong></span> <span class='ocrx_word' id='word_1_182' title='bbox 1064 2405 1305 2465; x_wconf 90' lang='lat' dir='ltr'><strong>incessit</strong></span> <span class='ocrx_word' id='word_1_183' title='bbox 1347 2405 1637 2478; x_wconf 83' lang='lat' dir='ltr'><strong>homineS,</strong></span> <span class='ocrx_word' id='word_1_184' title='bbox 1681 2417 1746 2465; x_wconf 91' lang='lat' dir='ltr'><strong>ut</strong></span> <span class='ocrx_word' id='word_1_185' title='bbox 1797 2407 1981 2465; x_wconf 90' lang='lat' dir='ltr'><strong>modo</strong></span> <span class='ocrx_word' id='word_1_186' title='bbox 2015 2405 2110 2465; x_wconf 89' lang='lat' dir='ltr'><strong>vix</strong></span> <span class='ocrx_word' id='word_1_187' title='bbox 2152 2408 2458 2467; x_wconf 92' lang='lat' dir='ltr'><strong>crederent</strong></span> 
     </span>
     <span class='ocr_line' id='line_1_24' title="bbox 468 2501 2459 2580; baseline 0.002 -19"><span class='ocrx_word' id='word_1_188' title='bbox 468 2501 634 2562; x_wconf 91' lang='lat' dir='ltr'><strong>illum</strong></span> <span class='ocrx_word' id='word_1_189' title='bbox 679 2504 938 2562; x_wconf 91' lang='lat' dir='ltr'><strong>eundem</strong></span> <span class='ocrx_word' id='word_1_190' title='bbox 981 2521 1110 2561; x_wconf 93' lang='lat' dir='ltr'><strong>esse</strong></span> <span class='ocrx_word' id='word_1_191' title='bbox 1153 2504 1251 2578; x_wconf 90' lang='lat' dir='ltr'><strong>Sp.</strong></span> <span class='ocrx_word' id='word_1_192' title='bbox 1286 2502 1679 2575; x_wconf 89' lang='lat' dir='ltr'><strong>Postumium,</strong></span> <span class='ocrx_word' id='word_1_193' title='bbox 1710 2503 1812 2580; x_wconf 92' lang='lat' dir='ltr'><strong>qui</strong></span> <span class='ocrx_word' id='word_1_194' title='bbox 1853 2514 2058 2563; x_wconf 91' lang='lat' dir='ltr'><strong>auctor</strong></span> <span class='ocrx_word' id='word_1_195' title='bbox 2096 2515 2217 2562; x_wconf 91' lang='lat' dir='ltr'><strong>tam</strong></span> <span class='ocrx_word' id='word_1_196' title='bbox 2247 2505 2459 2564; x_wconf 88' lang='lat' dir='ltr'><strong>foedae</strong></span> 
     </span>
     <span class='ocr_line' id='line_1_25' title="bbox 383 2600 2456 2679; baseline -0.002 -13"><span class='ocrx_word' id='word_1_197' title='bbox 383 2630 440 2666; x_wconf 81' lang='lat'><strong>12</strong></span> <span class='ocrx_word' id='word_1_198' title='bbox 468 2602 629 2679; x_wconf 84' lang='lat' dir='ltr'><strong>pacis</strong></span> <span class='ocrx_word' id='word_1_199' title='bbox 659 2601 879 2675; x_wconf 90' lang='lat' dir='ltr'><strong>fuisset,</strong></span> <span class='ocrx_word' id='word_1_200' title='bbox 913 2603 1097 2661; x_wconf 91' lang='lat' dir='ltr'><strong>modo</strong></span> <span class='ocrx_word' id='word_1_201' title='bbox 1141 2600 1572 2674; x_wconf 89' lang='lat' dir='ltr'><strong>miserarentur,</strong></span> <span class='ocrx_word' id='word_1_202' title='bbox 1606 2603 1771 2678; x_wconf 91' lang='lat' dir='ltr'><strong>quod</strong></span> <span class='ocrx_word' id='word_1_203' title='bbox 1799 2601 1886 2660; x_wconf 92' lang='lat' dir='ltr'><strong>vir</strong></span> <span class='ocrx_word' id='word_1_204' title='bbox 1923 2600 2055 2660; x_wconf 87' lang='lat' dir='ltr'><strong>talis</strong></span> <span class='ocrx_word' id='word_1_205' title='bbox 2090 2600 2267 2661; x_wconf 88' lang='lat' dir='ltr'><strong>etiam</strong></span> <span class='ocrx_word' id='word_1_206' title='bbox 2299 2621 2456 2678; x_wconf 87' lang='lat' dir='ltr'><strong>prae-</strong></span> 
     </span>
     <span class='ocr_line' id='line_1_26' title="bbox 468 2697 2455 2775; baseline -0.001 -17"><span class='ocrx_word' id='word_1_207' title='bbox 468 2698 710 2775; x_wconf 91' lang='lat' dir='ltr'><strong>cipuum</strong></span> <span class='ocrx_word' id='word_1_208' title='bbox 758 2700 919 2775; x_wconf 90' lang='lat' dir='ltr'><strong>apud</strong></span> <span class='ocrx_word' id='word_1_209' title='bbox 964 2700 1164 2758; x_wconf 91' lang='lat' dir='ltr'><strong>hostes</strong></span> <span class='ocrx_word' id='word_1_210' title='bbox 1215 2697 1572 2775; x_wconf 90' lang='lat' dir='ltr'><strong>supplicium</strong></span> <span class='ocrx_word' id='word_1_211' title='bbox 1629 2718 1905 2775; x_wconf 88' lang='lat' dir='ltr'><strong>passurus</strong></span> <span class='ocrx_word' id='word_1_212' title='bbox 1962 2708 2117 2758; x_wconf 91' lang='lat' dir='ltr'><strong>esset</strong></span> <span class='ocrx_word' id='word_1_213' title='bbox 2173 2698 2255 2758; x_wconf 94' lang='lat' dir='ltr'><strong>ob</strong></span> <span class='ocrx_word' id='word_1_214' title='bbox 2311 2698 2455 2757; x_wconf 91' lang='lat' dir='ltr'><strong>iram</strong></span> 
     </span>
     <span class='ocr_line' id='line_1_27' title="bbox 384 2794 2457 2872; baseline -0.001 -14"><span class='ocrx_word' id='word_1_215' title='bbox 384 2822 443 2871; x_wconf 82' lang='lat'><strong>13</strong></span> <span class='ocrx_word' id='word_1_216' title='bbox 467 2795 793 2872; x_wconf 92' lang='lat' dir='ltr'><strong>diremptae</strong></span> <span class='ocrx_word' id='word_1_217' title='bbox 822 2794 999 2870; x_wconf 77' lang='lat' dir='ltr'><strong>pacis,</strong></span> <span class='ocrx_word' id='word_1_218' title='bbox 1070 2815 1208 2854; x_wconf 91' lang='lat' dir='ltr'><strong>cum</strong></span> <span class='ocrx_word' id='word_1_219' title='bbox 1248 2814 1456 2854; x_wconf 90' lang='lat' dir='ltr'><strong>omnes</strong></span> <span class='ocrx_word' id='word_1_220' title='bbox 1496 2794 1770 2854; x_wconf 90' lang='lat' dir='ltr'><strong>laudibus</strong></span> <span class='ocrx_word' id='word_1_221' title='bbox 1811 2796 1994 2854; x_wconf 92' lang='lat' dir='ltr'><strong>modo</strong></span> <span class='ocrx_word' id='word_1_222' title='bbox 2033 2806 2457 2871; x_wconf 89' lang='lat' dir='ltr'><strong>prosequentes</strong></span> 
     </span>
     <span class='ocr_line' id='line_1_28' title="bbox 466 2890 2457 2969; baseline 0.001 -20"><span class='ocrx_word' id='word_1_223' title='bbox 466 2893 655 2950; x_wconf 89' lang='lat' dir='ltr'><strong>virum</strong></span> <span class='ocrx_word' id='word_1_224' title='bbox 697 2893 759 2950; x_wconf 94' lang='lat' dir='ltr'><strong>in</strong></span> <span class='ocrx_word' id='word_1_225' title='bbox 803 2890 1157 2950; x_wconf 89' lang='lat' dir='ltr'><strong>sententiam</strong></span> <span class='ocrx_word' id='word_1_226' title='bbox 1201 2893 1326 2950; x_wconf 92' lang='lat' dir='ltr'><strong>eius</strong></span> <span class='ocrx_word' id='word_1_227' title='bbox 1365 2892 1621 2968; x_wconf 91' lang='lat' dir='ltr'><strong>pedibus</strong></span> <span class='ocrx_word' id='word_1_228' title='bbox 1650 2890 1816 2965; x_wconf 90' lang='lat' dir='ltr'><strong>irent,</strong></span> <span class='ocrx_word' id='word_1_229' title='bbox 1849 2902 2136 2968; x_wconf 88' lang='lat' dir='ltr'><strong>temptata</strong></span> <span class='ocrx_word' id='word_1_230' title='bbox 2163 2891 2457 2969; x_wconf 88' lang='lat' dir='ltr'><strong>paulisper</strong></span> 
     </span>
     <span class='ocr_line' id='line_1_29' title="bbox 383 2987 2458 3065; baseline 0.001 -19"><span class='ocrx_word' id='word_1_231' title='bbox 383 3010 444 3062; x_wconf 87' lang='lat'><strong>14</strong></span> <span class='ocrx_word' id='word_1_232' title='bbox 467 2988 808 3050; x_wconf 89' lang='lat' dir='ltr'><strong>intercessio</strong></span> <span class='ocrx_word' id='word_1_233' title='bbox 838 3000 927 3048; x_wconf 91' lang='lat' dir='ltr'><strong>est</strong></span> <span class='ocrx_word' id='word_1_234' title='bbox 955 2988 1031 3048; x_wconf 90' lang='lat' dir='ltr'><strong>ab</strong></span> <span class='ocrx_word' id='word_1_235' title='bbox 1063 2990 1129 3047; x_wconf 90' lang='lat' dir='ltr'><strong>L.</strong></span> <span class='ocrx_word' id='word_1_236' title='bbox 1164 2987 1334 3048; x_wconf 90' lang='lat' dir='ltr'><strong>Livio</strong></span> <span class='ocrx_word' id='word_1_237' title='bbox 1363 2999 1421 3047; x_wconf 93' lang='lat' dir='ltr'><strong>et</strong></span> <span class='ocrx_word' id='word_1_238' title='bbox 1452 2990 1527 3063; x_wconf 86' lang='lat' dir='ltr'><strong>Q.</strong></span> <span class='ocrx_word' id='word_1_239' title='bbox 1565 2988 1788 3049; x_wconf 88' lang='lat' dir='ltr'><strong>Maelio</strong></span> <span class='ocrx_word' id='word_1_240' title='bbox 1824 2988 2073 3048; x_wconf 89' lang='lat' dir='ltr'><strong>tribunis</strong></span> <span class='ocrx_word' id='word_1_241' title='bbox 2115 2988 2322 3065; x_wconf 91' lang='lat' dir='ltr'><strong>plebis,</strong></span> <span class='ocrx_word' id='word_1_242' title='bbox 2354 2987 2458 3065; x_wconf 91' lang='lat' dir='ltr'><strong>qui</strong></span> 
     </span>
     <span class='ocr_line' id='line_1_30' title="bbox 467 3083 2457 3163; baseline -0.002 -17"><span class='ocrx_word' id='word_1_243' title='bbox 467 3107 662 3163; x_wconf 91' lang='lat' dir='ltr'><strong>neque</strong></span> <span class='ocrx_word' id='word_1_244' title='bbox 692 3085 911 3146; x_wconf 91' lang='lat' dir='ltr'><strong>exsolvi</strong></span> <span class='ocrx_word' id='word_1_245' title='bbox 938 3083 1221 3161; x_wconf 87' lang='lat' dir='ltr'><strong>religione</strong></span> <span class='ocrx_word' id='word_1_246' title='bbox 1249 3086 1538 3161; x_wconf 92' lang='lat' dir='ltr'><strong>populum</strong></span> <span class='ocrx_word' id='word_1_247' title='bbox 1576 3084 1815 3147; x_wconf 89' lang='lat' dir='ltr'><strong>aiebant</strong></span> <span class='ocrx_word' id='word_1_248' title='bbox 1856 3084 2162 3145; x_wconf 91' lang='lat' dir='ltr'><strong>deditione</strong></span> <span class='ocrx_word' id='word_1_249' title='bbox 2191 3089 2313 3157; x_wconf 87' lang='lat' dir='ltr'><strong>sua,</strong></span> <span class='ocrx_word' id='word_1_250' title='bbox 2344 3083 2457 3143; x_wconf 91' lang='lat' dir='ltr'><strong>nisi</strong></span> 
     </span>
     <span class='ocr_line' id='line_1_31' title="bbox 468 3180 2456 3258; baseline -0.001 -15"><span class='ocrx_word' id='word_1_251' title='bbox 468 3182 669 3243; x_wconf 91' lang='lat' dir='ltr'><strong>omnia</strong></span> <span class='ocrx_word' id='word_1_252' title='bbox 699 3181 1079 3253; x_wconf 83' lang='lat' dir='ltr'><strong>SamnitibuS,</strong></span> <span class='ocrx_word' id='word_1_253' title='bbox 1112 3180 1309 3257; x_wconf 90' lang='lat' dir='ltr'><strong>qualia</strong></span> <span class='ocrx_word' id='word_1_254' title='bbox 1347 3182 1509 3258; x_wconf 91' lang='lat' dir='ltr'><strong>apud</strong></span> <span class='ocrx_word' id='word_1_255' title='bbox 1549 3182 1845 3243; x_wconf 93' lang='lat' dir='ltr'><strong>Caudium</strong></span> <span class='ocrx_word' id='word_1_256' title='bbox 1885 3181 2151 3254; x_wconf 89' lang='lat' dir='ltr'><strong>fuissent,</strong></span> <span class='ocrx_word' id='word_1_257' title='bbox 2197 3182 2456 3242; x_wconf 89' lang='lat' dir='ltr'><strong>restitue-</strong></span> 
     </span>
     <span class='ocr_line' id='line_1_32' title="bbox 386 3281 2455 3357; baseline -0.001 -17"><span class='ocrx_word' id='word_1_258' title='bbox 386 3299 443 3350; x_wconf 85' lang='lat'><strong>15</strong></span> <span class='ocrx_word' id='word_1_259' title='bbox 469 3292 684 3352; x_wconf 91' lang='lat' dir='ltr'><strong>rentur,</strong></span> <span class='ocrx_word' id='word_1_260' title='bbox 718 3300 912 3356; x_wconf 91' lang='lat' dir='ltr'><strong>neque</strong></span> <span class='ocrx_word' id='word_1_261' title='bbox 943 3300 1006 3339; x_wconf 95' lang='lat' dir='ltr'><strong>se</strong></span> <span class='ocrx_word' id='word_1_262' title='bbox 1036 3300 1143 3356; x_wconf 93' lang='lat' dir='ltr'><strong>pro</strong></span> <span class='ocrx_word' id='word_1_263' title='bbox 1171 3300 1261 3352; x_wconf 92' lang='lat' dir='ltr'><strong>e0,</strong></span> <span class='ocrx_word' id='word_1_264' title='bbox 1294 3281 1459 3356; x_wconf 90' lang='lat' dir='ltr'><strong>quod</strong></span> <span class='ocrx_word' id='word_1_265' title='bbox 1488 3282 1844 3357; x_wconf 92' lang='lat' dir='ltr'><strong>spondendo</strong></span> <span class='ocrx_word' id='word_1_266' title='bbox 1879 3300 2089 3357; x_wconf 91' lang='lat' dir='ltr'><strong>pacem</strong></span> <span class='ocrx_word' id='word_1_267' title='bbox 2128 3290 2455 3341; x_wconf 88' lang='lat' dir='ltr'><strong>servassent</strong></span> 
     </span>
     <span class='ocr_line' id='line_1_33' title="bbox 469 3367 2456 3455; baseline -0.002 -16"><span class='ocrx_word' id='word_1_268' title='bbox 469 3367 786 3439; x_wconf 78' lang='lat' dir='ltr'><strong>exercituin</strong></span> <span class='ocrx_word' id='word_1_269' title='bbox 817 3379 1022 3455; x_wconf 93' lang='lat' dir='ltr'><strong>populi</strong></span> <span class='ocrx_word' id='word_1_270' title='bbox 1054 3377 1330 3451; x_wconf 88' lang='lat' dir='ltr'><strong>Romani,</strong></span> <span class='ocrx_word' id='word_1_271' title='bbox 1356 3397 1614 3454; x_wconf 91' lang='lat' dir='ltr'><strong>poenam</strong></span> <span class='ocrx_word' id='word_1_272' title='bbox 1644 3379 1824 3436; x_wconf 89' lang='lat' dir='ltr'><strong>ullam</strong></span> <span class='ocrx_word' id='word_1_273' title='bbox 1852 3378 2087 3437; x_wconf 89' lang='lat' dir='ltr'><strong>meritos</strong></span> <span class='ocrx_word' id='word_1_274' title='bbox 2110 3397 2238 3437; x_wconf 92' lang='lat' dir='ltr'><strong>esse</strong></span> <span class='ocrx_word' id='word_1_275' title='bbox 2260 3396 2456 3454; x_wconf 91' lang='lat' dir='ltr'><strong>neque</strong></span> 
     </span>
     <span class='ocr_line' id='line_1_34' title="bbox 469 3475 2454 3548; baseline -0.001 -12"><span class='ocrx_word' id='word_1_276' title='bbox 469 3478 546 3536; x_wconf 93' lang='lat' dir='ltr'><strong>ad</strong></span> <span class='ocrx_word' id='word_1_277' title='bbox 576 3487 917 3548; x_wconf 89' lang='lat' dir='ltr'><strong>extremum,</strong></span> <span class='ocrx_word' id='word_1_278' title='bbox 951 3495 1086 3535; x_wconf 90' lang='lat' dir='ltr'><strong>curn</strong></span> <span class='ocrx_word' id='word_1_279' title='bbox 1124 3475 1483 3535; x_wconf 91' lang='lat' dir='ltr'><strong>sacrosancti</strong></span> <span class='ocrx_word' id='word_1_280' title='bbox 1525 3487 1738 3548; x_wconf 89' lang='lat' dir='ltr'><strong>essent,</strong></span> <span class='ocrx_word' id='word_1_281' title='bbox 1786 3475 1926 3535; x_wconf 91' lang='lat' dir='ltr'><strong>dedi</strong></span> <span class='ocrx_word' id='word_1_282' title='bbox 1969 3475 2239 3535; x_wconf 91' lang='lat' dir='ltr'><strong>hostibus</strong></span> <span class='ocrx_word' id='word_1_283' title='bbox 2280 3475 2454 3535; x_wconf 90' lang='lat' dir='ltr'><strong>viola-</strong></span> 
     </span>
     <span class='ocr_line' id='line_1_35' title="bbox 400 3571 2455 3652; baseline -0.001 -18"><span class='ocrx_word' id='word_1_284' title='bbox 400 3591 445 3652; x_wconf 86' lang='lat'>9</span> <span class='ocrx_word' id='word_1_285' title='bbox 470 3573 590 3635; x_wconf 89' lang='lat' dir='ltr'><strong>rive</strong></span> <span class='ocrx_word' id='word_1_286' title='bbox 640 3593 831 3651; x_wconf 89' lang='lat' dir='ltr'><strong>posse.</strong></span> <span class='ocrx_word' id='word_1_287' title='bbox 918 3583 1045 3631; x_wconf 93' lang='lat' dir='ltr'><strong>tum</strong></span> <span class='ocrx_word' id='word_1_288' title='bbox 1092 3571 1431 3632; x_wconf 90' lang='lat' dir='ltr'><strong>Postumius</strong></span> <span class='ocrx_word' id='word_1_289' title='bbox 1485 3571 1739 3632; x_wconf 89' lang='lat' dir='ltr'><strong>‘interea</strong></span> <span class='ocrx_word' id='word_1_290' title='bbox 1783 3572 2014 3632; x_wconf 91' lang='lat' dir='ltr'><strong>dedite&#39;</strong></span> <span class='ocrx_word' id='word_1_291' title='bbox 2057 3572 2249 3649; x_wconf 90' lang='lat' dir='ltr'><strong>inquit</strong></span> <span class='ocrx_word' id='word_1_292' title='bbox 2295 3578 2455 3650; x_wconf 91' lang='lat' dir='ltr'><strong>‘pro-</strong></span> 
     </span>
    </p>
   </div>
  </div>
 </body>
</html>
