2909 4381
1331 263 1400 320 T.
1450 264 1627 323 LIVI

402 430 463 480 14
487 426 677 492 capta.
759 429 817 477 et
868 419 1199 479 Bovianum
1255 423 1394 482 urbs
1443 437 1682 501 postero
1739 428 1836 489 die
1886 444 2097 510 coepta
2152 439 2478 514 oppugnari

487 512 647 572 brevi
704 517 945 591 capitur,
997 537 1329 594 magnaque
1382 521 1566 597 gloria
1616 545 1809 584 rerum
1857 541 2153 604 gestarum
2203 537 2477 594 consules

401 636 460 686 ¹5
486 609 936 689 triumpharunt.
1040 614 1377 676 Minucium
1433 623 1759 695 consulem,
1824 643 1960 683 cum
2018 629 2259 688 vulnere
2318 631 2477 707 gravi

484 711 734 768 relatum
783 710 844 769 in
893 722 1097 786 castra,
1144 725 1445 774 mortuum
1496 718 1742 794 quidam
1784 733 2053 784 auctores
2097 738 2235 786 sunt
2277 741 2335 789 et
2387 732 2471 789 M.

486 807 761 867 Fulvium
804 809 867 867 in
907 811 1107 870 locum
1146 809 1272 872 eius
1311 815 1619 874 consulem
1659 819 1988 893 suffectum,
2022 833 2080 881 et
2108 824 2185 883 ab
2215 845 2303 898 eo,
2337 847 2474 886 cum

482 905 562 963 ad
590 904 910 964 exercitum
942 906 1173 967 Minuci
1203 908 1417 970 missus
1446 906 1617 986 esset,
1655 915 1987 976 Bovianum
2018 933 2273 997 captum.

399 1004 459 1054 16
565 1003 782 1062 Eodem
812 1023 972 1064 anno
1001 1006 1162 1077 Sora,
1195 1007 1507 1083 Arpinum,
1542 1011 1840 1072 Cesennia
1878 1028 2115 1092 recepta
2142 1019 2220 1078 ab
2250 1021 2473 1080 Samni·

482 1098 657 1159 tibus.
746 1101 1023 1162 Herculis
1055 1122 1335 1179 magnum
1365 1105 1746 1167 simulacrum
1781 1108 1844 1168 in
1874 1111 2173 1188 Capitolio
2211 1116 2472 1192 positum

482 1198 961 1275 dedicatumque.

365 1277 461 1358 45'
566 1296 630 1352 Ρ.
676 1294 939 1371 Sulpicio
981 1297 1327 1358 Saverrione
1370 1302 1433 1359 P.
1483 1301 1837 1378 Sempronio
1880 1306 2085 1383 Sopho
2127 1309 2471 1371 consulibus

484 1391 793 1464 SamniteS,
827 1412 930 1451 seu
960 1394 1142 1453 finem
1172 1415 1276 1454 seu
1305 1395 1653 1458 dilationem
1683 1399 1824 1459 belli
1853 1416 2216 1478 quaerenteS,
2250 1409 2471 1485 legatos

429 1512 454 1545 2
483 1489 560 1548 de
601 1509 747 1566 pace
790 1492 1050 1549 Romam
1094 1490 1319 1552 misere.
1406 1493 1623 1571 quibus
1667 1498 2009 1574 suppliciter
2040 1503 2351 1579 agentibus
2390 1527 2470 1566 re-

482 1605 767 1662 sponsum
811 1598 915 1660 est,
964 1587 1076 1647 nisi
1119 1608 1296 1666 saepe
1346 1590 1567 1650 bellum
1620 1606 1893 1670 parantes
1937 1616 2145 1673 pacem
2187 1601 2468 1677 petissent

481 1684 791 1758 SamniteS,
838 1684 1105 1746 oratione
1147 1689 1301 1748 ultro
1344 1690 1492 1748 citro
1535 1691 1738 1751 habita
1780 1693 1857 1752 de
1902 1712 2048 1769 pace
2091 1697 2329 1775 transigi
2372 1720 2468 1776 po-

479 1782 661 1844 tuisse
681 1805 700 1857 3
733 1803 911 1856 nunc,
934 1785 1178 1860 quando
1198 1786 1376 1845 verba
1397 1806 1549 1845 vana
1566 1789 1644 1847 ad
1663 1787 1724 1848 id
1748 1791 2015 1850 locorum
2039 1794 2268 1868 fuerint,
2296 1797 2468 1857 rebus

425 1901 453 1948 3
481 1882 760 1940 standum
817 1900 961 1940 esse.
1070 1883 1133 1938 P.
1187 1881 1604 1957 Sempronium
1662 1889 1970 1947 consulem
2020 1909 2158 1950 cum
2215 1896 2468 1954 exercitu

480 1976 644 2036 brevi
686 1976 748 2034 in
790 1976 1034 2036 Samnio
1077 1978 1201 2036 fore
1220 1998 1239 2050 3
1280 1996 1435 2050 eum,
1478 1980 1556 2037 ad
1597 1979 1820 2040 bellum
1858 2003 2147 2060 pacemne
2185 1987 2465 2051 inclinent

478 2073 678 2145 animi,
711 2072 833 2132 falli
871 2092 995 2132 non
1030 2092 1243 2150 posse3
1283 2085 1587 2150 comperta
1616 2076 1819 2137 omnia
1847 2081 2077 2140 senatui
2115 2086 2467 2163 relaturum3

424 2187 455 2236 4
479 2174 870 2236 decedentem
914 2195 987 2235 ex
1035 2173 1277 2235 Samnio
1326 2178 1633 2237 consulem
1685 2178 1860 2256 legati
1909 2197 2308 2258 sequerentur.
2394 2210 2464 2250 eo

475 2292 635 2332 anno
676 2292 815 2332 cum
857 2284 1134 2351 pacatum
1169 2272 1478 2333 Samnium
1521 2275 1809 2337 exercitus
1853 2280 2168 2342 Romanus
2211 2283 2464 2362 benigne

475 2370 743 2446 praebito
786 2382 1123 2430 commeatu
1167 2381 1546 2448 peragrasset,
1588 2373 1799 2433 foedus
1841 2375 2153 2453 antiquum
2196 2382 2461 2441 Samniti-

476 2468 588 2527 bus
617 2468 933 2528 redditum.

418 2590 448 2641 5
555 2567 654 2625 Ad
709 2570 955 2644 Aequos
1012 2565 1169 2639 inde,
1227 2577 1452 2626 veteres
1510 2568 1726 2641 hosteS,
1778 2580 2038 2629 ceterum
2095 2591 2200 2648 per
2247 2577 2460 2636 multos

473 2683 663 2723 annos
694 2664 806 2723 sub
829 2662 1027 2741 specie
1055 2662 1275 2723 infidae
1304 2664 1467 2740 pacis
1497 2664 1753 2740 quietOS,
1782 2686 1949 2726 versa
1975 2687 2138 2728 arma
2169 2672 2459 2746 Romana,

477 2764 640 2838 quod
670 2761 955 2821 incolumi
988 2760 1255 2821 Hernico
1284 2760 1529 2820 nomine
1565 2761 1994 2825 missitaverant
2024 2764 2197 2825 simul
2226 2788 2364 2827 cum
2393 2769 2459 2830 iis

418 2867 450 2916 6
480 2859 727 2919 Samniti
769 2859 983 2918 auxilia
1025 2871 1084 2919 et
1125 2868 1260 2935 post
1303 2858 1603 2919 Hernicos
1647 2860 1925 2921 subactos
1968 2861 2240 2924 universa
2279 2887 2463 2944 prope

474 2976 619 3034 gens
668 2955 796 3015 sine
845 2954 1316 3015 dissimulatione
1366 2955 1597 3015 consilii
1643 2956 1865 3033 publici
1914 2960 1993 3017 ad
2041 2960 2243 3021 hostes
2280 2963 2457 3023 desci-

472 3065 674 3128 verat3
715 3064 774 3113 et
822 3063 1139 3131 postquam
1188 3051 1309 3112 icto
1352 3054 1587 3113 Romae
1629 3073 1766 3113 cum
1810 3055 2174 3117 Samnitibus
2224 3060 2457 3121 foedere

416 3139 447 3223 7
478 3151 703 3212 fetiales
732 3162 1016 3211 venerant
1049 3170 1141 3210 res
1184 3152 1515 3227 repetitum,
1551 3151 2004 3229 temptationem
2046 3155 2284 3214 aiebant
2313 3177 2455 3230 esse,

472 3261 538 3309 ut
578 3260 795 3308 terrore
837 3248 1077 3307 incusso
1120 3246 1260 3307 belli
1303 3249 1614 3308 Romanos
1654 3269 1717 3308 se
1756 3249 1882 3309 fieri
1910 3261 2262 3328 paterentur,
2294 3257 2454 3330 quod

472 3357 695 3424 quanto
752 3366 929 3423 opere
985 3347 1317 3422 optandum
1373 3346 1538 3418 foret,
1601 3346 1899 3407 Hernicos
1956 3348 2247 3421 docuisse,
2302 3370 2454 3425 cum,

471 3444 685 3521 quibus
714 3442 957 3516 licuerit,
992 3462 1126 3501 suas
1156 3445 1314 3519 leges
1345 3444 1658 3502 Romanae
1689 3442 1910 3503 civitati
1947 3446 2419 3522 praeoptaverint
2440 3496 2454 3525 ,

410 3555 442 3604 8
471 3542 687 3620 quibus
729 3540 982 3618 legendi,
1028 3540 1173 3616 quid
1213 3542 1475 3612 mallent,
1518 3540 1691 3617 copia
1727 3561 1851 3600 non
1885 3542 2073 3615 fuerit,
2121 3564 2228 3620 pro
2257 3566 2443 3622 poena

469 3638 860 3701 necessariam
917 3636 1215 3698 civitatem
1270 3639 1413 3697 fore.
1501 3637 1582 3696 ob
1639 3639 1787 3698 haec
1835 3642 2013 3716 vulgo
2068 3640 2129 3699 in
2187 3642 2449 3703 conciliis

407 3757 440 3807 9
467 3738 681 3800 iactata
709 3739 965 3816 populus
996 3737 1304 3795 Romanus
1334 3734 1558 3795 bellum
1588 3734 1712 3794 fieri
1743 3736 1968 3812 Aequis
1997 3736 2201 3813 iussit3
2242 3759 2450 3800 consu·
