2909 4381
714 285 823 341 AB
867 284 1092 341 VRBE
1137 282 1528 343 CONDITA
1570 283 1725 340 LIB.
1776 283 1880 341 IX.
1931 284 2127 357 34-36

420 462 609 519 nuper
677 444 836 503 fuere
901 417 1240 502 Germanici
1303 444 1501 514 saltuS,
1575 440 1722 500 nulli
1777 442 1854 501 ad
1918 460 2049 500 eam
2114 440 2274 500 diem
2333 459 2408 500 ne

422 550 810 600 mercatorum
867 540 1111 616 quidem
1159 541 1334 600 adita.
1438 559 1570 599 earn
1617 538 1830 599 intrare
1880 540 2041 598 haud
2086 540 2207 598 fere
2256 538 2410 615 quiS»

420 657 600 714 quam
674 648 903 715 praeter
994 639 1212 697 ducem
1283 637 1478 714 ipsum
1547 637 1845 709 audebat;
1929 635 2057 696 aliis
2127 635 2406 696 omnibus

419 733 604 794 cladis
659 733 968 796 Caudinae
1023 736 1293 795 nondum
1356 733 1642 793 memoria
1696 734 2048 793 aboleverat.
2153 743 2278 792 turn
2336 753 2407 792 ex
2432 759 2459 794 2

419 830 512 905 iis,
544 830 647 907 qui
683 832 944 904 aderant,
978 830 1238 890 consulis
1267 832 1441 890 frater
1482 833 1568 890 Μ.
1612 830 2250 891 Fabius—Caesonem
2288 830 2405 904 alii,

420 928 489 989 C.
523 927 840 988 Claudiurn
880 928 1140 1005 quidam,
1174 939 1359 987 matre
1388 929 1599 987 eadem
1629 946 1749 1003 qua
1783 929 2090 987 consulem
2119 927 2402 1004 genitum,

420 1026 1107 1101 tradunt—speculatum
1155 1044 1218 1083 se
1267 1023 1485 1083 iturum
1535 1024 1832 1100 professus
1875 1022 2157 1099 brevique
2204 1023 2406 1082 omnia

419 1132 577 1179 certa
616 1122 965 1181 adlaturum.
1055 1123 1243 1181 Caere
1280 1121 1566 1180 educatus
1608 1121 1769 1197 apud
1815 1119 2099 1196 hospiteS,
2143 1120 2405 1179 Etruscis
2430 1137 2461 1187 3

417 1216 558 1277 inde
626 1217 830 1277 litteris
899 1217 1161 1278 eruditus
1230 1228 1352 1277 erat
1409 1217 1789 1294 linguamque
1849 1219 2159 1276 Etruscam
2222 1217 2406 1294 probe

418 1324 675 1373 noverat.
780 1314 975 1374 habeo
1037 1326 1305 1375 auctores
1369 1317 1544 1391 vulgo
1607 1325 1734 1373 tum
1798 1316 2107 1373 Romanos
2170 1333 2401 1390 puerOS‚

418 1409 570 1470 sicut
607 1431 768 1471 nunc
804 1411 1061 1484 GraeciS,
1094 1412 1176 1471 ita
1215 1411 1478 1472 Etruscis
1513 1411 1717 1472 litteris
1757 1411 1973 1471 erudiri
2013 1412 2256 1485 solitos;
2298 1414 2404 1471 sed
2428 1433 2460 1482 4

418 1507 658 1585 propius
687 1519 776 1568 est
804 1529 941 1569 vero
970 1508 1353 1586 praecipuum
1381 1508 1607 1586 aliquid
1637 1510 1815 1569 fuisse
1844 1508 1905 1568 in
1934 1530 2024 1582 eo,
2057 1508 2160 1587 qui
2190 1529 2253 1569 se
2283 1519 2403 1568 tam

417 1604 630 1665 audaci
663 1604 1038 1667 simulatione
1080 1606 1352 1666 hostibus
1381 1605 1781 1665 immiscuerit.
1868 1626 2066 1666 servus
2096 1606 2151 1666 ei
2189 1605 2404 1666 dicitur

418 1721 619 1762 comes
648 1723 800 1762 unus
830 1703 1026 1776 fuisse,
1056 1702 1309 1762 nutritus
1338 1722 1459 1762 una
1486 1722 1678 1778 eoque
1713 1703 1875 1761 haud
1905 1702 2138 1778 ignarus
2166 1701 2402 1779 linguae

418 1797 724 1871 eiusdem3
779 1819 890 1858 nec
945 1798 1264 1876 quicquam
1313 1797 1475 1857 aliud
1531 1797 1970 1875 proficiscentes
2020 1817 2199 1874 quam
2249 1818 2402 1857 sum·
2437 1818 2463 1867 5

420 1893 624 1953 matim
680 1893 951 1971 regioniS,
1004 1913 1158 1970 quae
1206 1893 1481 1954 intranda
1523 1903 1662 1965 erat,
1713 1904 1984 1953 naturam
2038 1913 2108 1954 ac
2158 1894 2401 1954 nomina

421 1989 752 2069 principum
808 1989 869 2049 in
923 1989 1158 2067 populis
1214 2008 1517 2067 accepere,
1572 2010 1647 2049 ne
1703 2009 1823 2066 qua
1877 1990 2028 2050 inter
2083 1992 2403 2068 conloquia

421 2088 631 2166 insigni
679 2099 821 2150 nota
868 2087 1223 2148 haesitantes
1274 2089 1563 2164 deprendi
1612 2099 1871 2163 possent.
1958 2087 2076 2147 iere
2124 2089 2400 2165 pastorali
2425 2094 2459 2146 6

418 2185 641 2259 habitu,
665 2184 991 2263 agrestibus
1020 2185 1166 2258 telis,
1197 2183 1444 2244 falcibus
1466 2183 1774 2262 gaesisque
1804 2183 1975 2256 binis,
1997 2183 2223 2244 armati.
2296 2187 2401 2245 sed

419 2302 614 2359 neque
656 2282 1078 2343 commercium
1120 2282 1355 2359 linguae
1389 2301 1501 2341 nec
1536 2280 1713 2340 vestis
1750 2300 2122 2341 armorumve
2165 2280 2402 2341 habitus

419 2378 504 2437 sic
547 2397 652 2439 eos
698 2378 856 2451 texit,
909 2398 1089 2455 quam
1120 2379 1299 2455 quod
1343 2377 1700 2438 abhorrebat
1747 2378 1823 2438 ab
1874 2378 1994 2439 fide
2039 2397 2401 2455 quemquam

419 2486 722 2535 externum
761 2475 1051 2537 Ciminios
1087 2478 1268 2535 saltus
1303 2475 1668 2535 intraturum.
1755 2495 1944 2552 usque
1982 2476 2060 2535 ad
2098 2477 2403 2537 Camertes
2432 2494 2459 2550 7

424 2574 683 2633 Umbros
720 2583 1056 2650 penetrasse
1093 2573 1386 2634 dicuntur.
1472 2572 1577 2647 ibi,
1604 2572 1707 2649 qui
1734 2583 1947 2645 essent,
1979 2573 2146 2632 fateri
2188 2577 2405 2634 Roma-

420 2688 564 2727 num
620 2688 830 2728 ausum
878 2669 1402 2745 introductumque
1458 2667 1518 2726 in
1576 2678 1847 2727 senatum
1904 2667 2162 2727 consulis
2209 2669 2402 2729 verbis

420 2764 607 2841 egisse
650 2766 729 2825 de
776 2763 1058 2824 societate
1103 2762 1480 2839 amicitiaque
1528 2773 1707 2839 atque
1750 2763 1889 2822 inde
1934 2763 2091 2822 comi
2142 2765 2400 2841 hospitio

418 2872 731 2937 acceptum
765 2860 1035 2920 nuntiare
1083 2859 1370 2920 Romanis
1405 2858 1648 2932 iussum,
1680 2871 2079 2920 commeatum
2120 2862 2399 2923 exercitui
2426 2875 2455 2922 8

419 2957 648 3017 dierum
691 2958 924 3034 triginta
961 2968 1195 3035 praesto
1236 2958 1380 3030 fore,
1422 2956 1472 3015 si
1515 2977 1584 3016 ea
1632 2959 1763 3016 loca
1805 2956 2090 3032 intrasset,
2136 2961 2399 3020 iuventu-

419 3065 660 3131 temque
710 3056 1073 3116 Camertium
1109 3054 1473 3115 Umbrorum
1523 3053 1584 3111 in
1628 3054 1804 3113 armis
1847 3064 2109 3131 paratam
2149 3054 2398 3132 imperio

420 3154 690 3212 futuram.
776 3154 923 3211 haec
979 3171 1117 3211 cum
1172 3153 1351 3211 relata
1407 3150 1638 3210 consuli
1693 3162 1907 3224 essent,
1956 3151 2397 3228 impedimentis
2423 3175 2453 3224 9

419 3249 606 3328 prima
654 3248 849 3327 vigilia
892 3248 1245 3327 praemissis,
1289 3247 1619 3325 legionibus
1661 3260 1796 3326 post
1841 3248 2268 3326 impedimenta
2313 3250 2396 3312 ire

419 3345 589 3406 iussis
632 3347 757 3424 ipse
799 3346 1057 3407 substitit
1099 3366 1235 3406 cum
1276 3344 1542 3422 equitatu
1578 3355 1636 3405 et
1678 3347 1809 3405 luce
1851 3356 1978 3405 orta
2019 3359 2255 3423 postero
2297 3348 2395 3409 die
2426 3377 2482 3410 10

421 3443 783 3519 obequitavit
838 3443 1188 3504 stationibus
1243 3441 1523 3515 hostium,
1583 3461 1736 3518 quae
1797 3453 1957 3501 extra
2013 3445 2225 3504 saltum
2282 3444 2396 3504 dis-

421 3538 646 3615 positae
684 3551 846 3599 erant
866 3561 883 3614 3
924 3551 1146 3599 etcum
1190 3538 1328 3599 satis
1364 3538 1468 3599 diu
1511 3539 1794 3598 tenuisset
1833 3540 2082 3612 hostem,
2113 3540 2174 3599 in
2209 3552 2396 3601 castra

421 3654 551 3698 sese
598 3635 815 3716 recepit
858 3647 1145 3715 portaque
1192 3638 1374 3696 altera
1415 3654 1680 3711 egressus
1721 3644 1859 3694 ante
1900 3647 2136 3695 noctem
2179 3657 2390 3713 agmen
