2909 4381
716 294 825 351 AB
870 295 1098 350 VRBE
1142 293 1534 352 CONDITA
1579 295 1735 351 ΜΒ.
1785 294 1889 350 lx.
1939 298 2133 369 36-38

432 472 553 529 quo
594 454 828 515 animus
871 454 1125 514 militum
1163 454 1542 514 multitudine
1586 454 1815 514 territus
1859 455 2256 514 restitueretur
2276 476 2293 528 3
2340 464 2416 530 et,

433 552 597 627 quod
633 550 760 610 sine
801 552 1171 612 munimento
1207 552 1616 624 consederant,
1654 551 1774 610 veri
1817 549 2062 610 similius
2097 562 2218 610 erat
2251 553 2416 627 quod

430 648 828 708 simulabatur.
938 649 1124 709 curati
1168 649 1305 709 cibo
1361 668 1610 725 corpora
1664 647 1848 724 quieti
1903 650 2048 708 dant
2103 658 2162 706 et
2210 658 2417 723 quarta

428 745 547 804 fere
593 745 789 822 vigilia
833 746 959 806 sine
1008 749 1265 805 tumultu
1311 745 1547 806 excitati
1588 766 1750 804 arma
1791 747 2045 822 capiunt.
2135 745 2415 804 dolabrae
2438 750 2468 798 8

428 843 737 901 calonibus
806 842 1150 903 dividuntur
1208 844 1287 903 ad
1350 844 1570 901 vallum
1640 843 2041 918 proruendum
2111 843 2417 919 fossasque

430 938 779 1015 implendas,
865 940 1018 1000 intra
1093 939 1463 1000 munimenta
1533 939 1835 999 instruitur
1909 938 2082 1011 acieS‚
2153 942 2419 1000 delectae

427 1037 700 1096 cohortes
729 1038 807 1096 ad
835 1048 1135 1114 portarum
1165 1037 1353 1097 exitus
1375 1039 1777 1097 conlocantur.
1838 1038 1979 1097 dato
2008 1035 2226 1097 deinde
2248 1036 2417 1113 signo
2439 1059 2471 1109 9

427 1135 605 1208 paulo
649 1145 788 1193 ante
831 1135 1043 1206 lucem,
1085 1136 1249 1211 quod
1292 1133 1528 1194 aestivis
1575 1133 1850 1194 noctibus
1894 1133 2121 1210 sopitae
2163 1133 2418 1193 maxime

426 1230 639 1306 quietis
675 1243 909 1307 tempus
940 1242 1043 1303 est,
1076 1241 1323 1308 proruto⁸
1340 1233 1496 1291 vallo
1525 1230 1716 1309 erupit
1743 1231 1915 1303 acieS‚
1949 1241 2158 1290 stratos
2196 1229 2416 1308 passim

426 1325 651 1386 invadit
679 1329 880 1388 hostes
901 1349 918 1401 3
958 1328 1105 1387 alios
1135 1327 1489 1401 immobileS,
1521 1327 1669 1388 alios
1705 1327 2094 1389 semisomnos
2125 1328 2187 1387 in
2216 1327 2419 1388 cubili-

430 1423 539 1482 bus
596 1423 733 1496 suis,
783 1423 1100 1484 maximam
1148 1436 1373 1502 partem
1430 1426 1508 1484 ad
1564 1445 1727 1484 arma
1786 1424 2144 1501 trepidantes
2201 1427 2416 1493 caedes

428 1520 753 1597 oppressit;
797 1521 1001 1599 paucis
1028 1522 1297 1582 armandi
1335 1543 1398 1582 se
1427 1524 1633 1583 datum
1664 1521 1918 1600 spatium
1955 1533 2079 1597 est3
2122 1541 2225 1581 eos
2255 1523 2414 1598 ipsos
2440 1545 2501 1579 ιο

426 1636 548 1675 non
588 1618 819 1694 signum
849 1630 1093 1692 certum,
1125 1638 1248 1679 non
1277 1621 1494 1680 ducem
1529 1629 1844 1695 sequentes
1873 1618 2068 1677 fundit
2105 1621 2416 1679 Romanus

427 1714 776 1792 fugatosque
814 1714 1196 1792 persequitur.
1283 1717 1360 1774 ad
1395 1725 1600 1786 castra,
1631 1716 1709 1774 ad
1752 1714 1923 1773 silvas
1963 1713 2179 1773 diversi
2215 1717 2418 1775 tende-

428 1811 587 1870 bant.
673 1811 853 1871 silvae
881 1812 1063 1871 tutius
1093 1812 1311 1871 dedere
1339 1810 1665 1889 refugium3
1709 1831 1848 1870 nam
1884 1822 2073 1871 castra
2100 1811 2163 1870 in
2190 1812 2416 1889 campis

427 1907 538 1967 sita
592 1910 807 1968 eodem
864 1908 962 1969 die
1017 1908 1346 1987 capiuntur.
1452 1927 1660 1967 aurum
1717 1920 2144 1986 argentumque
2190 1908 2417 1969 iussum

425 2005 621 2065 referri
662 2008 740 2066 ad
779 2007 1124 2081 consulem3
1164 2018 1359 2066 cetera
1395 2008 1616 2084 praeda
1657 2005 1857 2066 militis
1895 2005 2018 2065 fuit.
2107 2027 2278 2066 caesa
2313 2018 2416 2066 aut
2443 2030 2499 2077 η

426 2112 599 2178 capta
627 2123 701 2163 eo
730 2101 828 2163 die
864 2102 1124 2163 hostium
1163 2102 1325 2162 milia
1361 2104 1439 2163 ad
1470 2100 1784 2178 sexaginta.
1872 2122 2003 2162 eam
2047 2114 2168 2163 tam
2198 2107 2415 2164 claram

426 2219 686 2276 pugnam
745 2212 904 2260 trans
961 2200 1281 2262 Ciminiam
1339 2200 1547 2260 silvam
1602 2201 1680 2259 ad
1738 2199 2042 2260 Perusiam
2093 2212 2413 2279 pugnatam

426 2296 673 2374 quidam
711 2308 980 2357 auctores
1020 2309 1157 2357 sunt
1192 2308 1476 2373 metuque
1520 2296 1579 2355 in
1617 2316 1833 2374 magno
1876 2297 2175 2357 civitatem
2214 2297 2409 2371 fuisse,

424 2413 502 2453 ne
550 2393 899 2454 interclusus
940 2393 1225 2454 exercitus
1268 2405 1389 2453 tam
1432 2393 1647 2453 infesto
1691 2395 1842 2452 saltu
1885 2393 2104 2452 coortis
2145 2393 2412 2471 undique

424 2490 636 2550 Tuscis
660 2489 1025 2567 Umbrisque
1047 2490 1491 2568 opprimeretur.
1556 2491 1663 2549 sed
1692 2490 2057 2568 ubicumque
2085 2502 2410 2568 pugnatum
2436 2518 2492 2554 12

423 2598 529 2661 est,
560 2607 652 2649 res
684 2590 960 2648 Romana
993 2587 1256 2665 superior
1284 2587 1407 2647 fuit.
1496 2587 1696 2664 itaque
1724 2608 1761 2646 a
1791 2588 2032 2647 Perusia
2059 2599 2119 2648 et
2148 2589 2412 2648 Cortona

425 2696 485 2747 et
541 2685 791 2759 Arretio,
857 2705 1012 2763 quae
1081 2687 1264 2745 ferme
1334 2684 1528 2761 capita
1592 2686 1861 2744 Etruriae
1923 2686 2280 2762 populorum
2342 2705 2413 2745 ea

423 2793 774 2860 tempestate
832 2791 1014 2854 erant,
1074 2780 1249 2858 legati
1311 2800 1521 2858 pacem
1586 2783 1918 2857 foedusque
1979 2782 2057 2840 ab
2121 2781 2411 2840 Romanis

423 2890 690 2955 petentes
732 2876 990 2938 indutias
1033 2876 1095 2936 in
1138 2875 1372 2953 triginta
1413 2896 1604 2936 annos
1646 2875 2119 2953 impetraverunt.

506 2978 668 3036 Dum
707 2977 856 3035 haec
894 2974 955 3034 in
1000 2973 1232 3034 Etruria
1264 2984 1559 3050 geruntur,
1592 2976 1802 3035 consul
1843 2976 1989 3034 alter
2027 2976 2096 3035 C.
2145 2972 2404 3033 Marcius
2428 2973 2515 3054 38

426 3072 661 3132 Rutilus
689 3072 895 3132 Allifas
934 3073 1011 3132 de
1053 3071 1417 3131 Samnitibus
1446 3070 1505 3130 vi
1546 3070 1720 3148 cepit.
1806 3073 1991 3131 multa
2017 3071 2132 3130 alia
2169 3074 2408 3131 castella

422 3169 655 3248 vicique
675 3180 777 3229 aut
805 3171 1001 3230 deleta
1022 3167 1309 3228 hostiliter
1337 3179 1439 3227 aut
1460 3167 1685 3245 integra
1713 3168 1775 3227 in
1803 3180 2156 3247 potestatem
2177 3189 2408 3228 venere.

421 3288 526 3345 per
562 3267 724 3328 idem
769 3278 1003 3344 tempus
1039 3277 1098 3326 et
1131 3265 1332 3325 classis
1372 3268 1651 3326 Romana
1691 3285 1729 3325 a
1772 3269 1835 3325 P.
1882 3264 2177 3339 Cornelio,
2225 3287 2401 3343 quem
2431 3291 2458 3327 ο

423 3376 660 3425 senatus
716 3363 1042 3424 maritimae
1098 3383 1236 3423 orae
1284 3366 1660 3440 praefecerat,
1714 3362 1775 3422 in
1826 3362 2218 3440 Campaniam
2273 3375 2406 3424 acta

422 3483 561 3523 cum
588 3464 834 3540 appulsa
863 3460 1180 3537 Pompeios
1217 3471 1385 3533 esset,
1423 3460 1569 3520 socii
1596 3460 1736 3520 inde
1771 3464 2006 3520 navales
2035 3463 2112 3520 ad
2142 3464 2404 3538 depopu-

420 3562 664 3621 landum
687 3578 891 3635 agrum
920 3556 1285 3640 Nucerinum
1316 3557 1578 3635 profecti,
1611 3557 1889 3635 proximis
1911 3558 2121 3635 raptim
2145 3557 2398 3630 vastati5‚

420 3660 581 3719 unde
609 3655 830 3718 reditus
864 3667 1026 3716 tutus
1052 3659 1130 3717 ad
1159 3675 1339 3715 naves
1372 3666 1542 3727 esset,
1575 3655 1907 3726 dulcedine,
1941 3666 2006 3714 ut
2034 3657 2115 3728 fit,
2148 3658 2400 3731 praedae

530 3753 630 3784 mvv
649 3752 696 3782 lx
2235 3747 2268 3782 Ε
