<?xml version="1.0" encoding="UTF-8"?>
<!DOCTYPE html PUBLIC "-//W3C//DTD XHTML 1.0 Transitional//EN"
    "http://www.w3.org/TR/xhtml1/DTD/xhtml1-transitional.dtd">
<html xmlns="http://www.w3.org/1999/xhtml" xml:lang="en" lang="en">
 <head>
  <title>
</title>
<meta http-equiv="Content-Type" content="text/html;charset=utf-8" />
  <meta name='ocr-system' content='tesseract 3.04.00' />
  <meta name='ocr-capabilities' content='ocr_page ocr_carea ocr_par ocr_line ocrx_word'/>
</head>
<body>
  <div class='ocr_page' id='page_1' title='image "./tliviaburbacond00livygoog_0079.png"; bbox 0 0 2909 4381; ppageno 0'>
   <div class='ocr_carea' id='block_1_1' title="bbox 740 261 2176 336">
    <p class='ocr_par' dir='ltr' id='par_1_1' title="bbox 740 261 2176 336">
     <span class='ocr_line' id='line_1_1' title="bbox 740 261 2176 336; baseline -0.003 -12"><span class='ocrx_word' id='word_1_1' title='bbox 740 267 849 324; x_wconf 87' lang='lat' dir='ltr'>AB</span> <span class='ocrx_word' id='word_1_2' title='bbox 893 265 1120 322; x_wconf 87' lang='lat' dir='ltr'><strong>VRBE</strong></span> <span class='ocrx_word' id='word_1_3' title='bbox 1165 263 1555 324; x_wconf 84' lang='lat' dir='ltr'>conTA</span> <span class='ocrx_word' id='word_1_4' title='bbox 1600 261 1756 320; x_wconf 88' lang='lat' dir='ltr'><strong>LIB.</strong></span> <span class='ocrx_word' id='word_1_5' title='bbox 1805 261 1912 320; x_wconf 88' lang='lat' dir='ltr'>1x.</span> <span class='ocrx_word' id='word_1_6' title='bbox 1960 279 2053 336; x_wconf 84' lang='lat'>43,</span> <span class='ocrx_word' id='word_1_7' title='bbox 2099 278 2176 332; x_wconf 84' lang='lat'>44</span> 
     </span>
    </p>
   </div>
   <div class='ocr_carea' id='block_1_2' title="bbox 448 420 2559 3805">
    <p class='ocr_par' dir='ltr' id='par_1_2' title="bbox 459 420 2531 693">
     <span class='ocr_line' id='line_1_2' title="bbox 459 420 2531 501; baseline -0.005 -16"><span class='ocrx_word' id='word_1_8' title='bbox 459 424 727 501; x_wconf 89' lang='lat' dir='ltr'>impensa</span> <span class='ocrx_word' id='word_1_9' title='bbox 783 427 987 484; x_wconf 89' lang='lat' dir='ltr'>factae.</span> <span class='ocrx_word' id='word_1_10' title='bbox 1074 433 1134 483; x_wconf 93' lang='lat' dir='ltr'>et</span> <span class='ocrx_word' id='word_1_11' title='bbox 1188 443 1325 482; x_wconf 91' lang='lat' dir='ltr'>cum</span> <span class='ocrx_word' id='word_1_12' title='bbox 1377 420 1963 499; x_wconf 85' lang='lat' dir='ltr'>Carthaginiensibus</span> <span class='ocrx_word' id='word_1_13' title='bbox 2013 421 2227 480; x_wconf 90' lang='lat' dir='ltr'>eodem</span> <span class='ocrx_word' id='word_1_14' title='bbox 2283 437 2441 478; x_wconf 89' lang='lat' dir='ltr'>anno</span> <span class='ocrx_word' id='word_1_15' title='bbox 2469 423 2531 474; x_wconf 81' lang='lat'>26</span> 
     </span>
     <span class='ocr_line' id='line_1_3' title="bbox 461 516 2444 597; baseline -0.003 -16"><span class='ocrx_word' id='word_1_16' title='bbox 461 523 671 581; x_wconf 91' lang='lat' dir='ltr'>foedus</span> <span class='ocrx_word' id='word_1_17' title='bbox 715 521 885 581; x_wconf 89' lang='lat' dir='ltr'>tertio</span> <span class='ocrx_word' id='word_1_18' title='bbox 930 531 1292 593; x_wconf 91' lang='lat' dir='ltr'>renovatum,</span> <span class='ocrx_word' id='word_1_19' title='bbox 1325 519 1651 597; x_wconf 89' lang='lat' dir='ltr'>legatisque</span> <span class='ocrx_word' id='word_1_20' title='bbox 1685 538 1908 591; x_wconf 92' lang='lat' dir='ltr'>eorum,</span> <span class='ocrx_word' id='word_1_21' title='bbox 1941 517 2044 595; x_wconf 90' lang='lat' dir='ltr'>qui</span> <span class='ocrx_word' id='word_1_22' title='bbox 2071 518 2149 577; x_wconf 91' lang='lat' dir='ltr'>ad</span> <span class='ocrx_word' id='word_1_23' title='bbox 2183 516 2246 576; x_wconf 92' lang='lat' dir='ltr'>id</span> <span class='ocrx_word' id='word_1_24' title='bbox 2274 535 2444 576; x_wconf 90' lang='lat' dir='ltr'>vene-</span> 
     </span>
     <span class='ocr_line' id='line_1_4' title="bbox 459 617 1378 693; baseline -0.002 -15"><span class='ocrx_word' id='word_1_25' title='bbox 459 631 601 693; x_wconf 85' lang='lat' dir='ltr'>rant,</span> <span class='ocrx_word' id='word_1_26' title='bbox 635 618 881 680; x_wconf 90' lang='lat' dir='ltr'>comiter</span> <span class='ocrx_word' id='word_1_27' title='bbox 910 639 1154 679; x_wconf 90' lang='lat' dir='ltr'>munera</span> <span class='ocrx_word' id='word_1_28' title='bbox 1183 617 1378 677; x_wconf 90' lang='lat' dir='ltr'>missa.</span> 
     </span>
    </p>

    <p class='ocr_par' dir='ltr' id='par_1_3' title="bbox 456 710 2559 1567">
     <span class='ocr_line' id='line_1_5' title="bbox 540 710 2559 789; baseline -0.003 -14"><span class='ocrx_word' id='word_1_29' title='bbox 540 716 908 776; x_wconf 91' lang='lat' dir='ltr'>Dictatorem</span> <span class='ocrx_word' id='word_1_30' title='bbox 951 715 1111 775; x_wconf 90' lang='lat' dir='ltr'>idem</span> <span class='ocrx_word' id='word_1_31' title='bbox 1153 735 1345 774; x_wconf 90' lang='lat' dir='ltr'>annus</span> <span class='ocrx_word' id='word_1_32' title='bbox 1387 714 1596 774; x_wconf 90' lang='lat' dir='ltr'>habuit</span> <span class='ocrx_word' id='word_1_33' title='bbox 1631 717 1694 774; x_wconf 89' lang='lat' dir='ltr'>P.</span> <span class='ocrx_word' id='word_1_34' title='bbox 1731 714 2075 775; x_wconf 90' lang='lat' dir='ltr'>Cornelium</span> <span class='ocrx_word' id='word_1_35' title='bbox 2104 710 2444 789; x_wconf 84' lang='lat' dir='ltr'>Scipionem</span> <span class='ocrx_word' id='word_1_36' title='bbox 2468 723 2559 788; x_wconf 90' lang='lat'>44</span> 
     </span>
     <span class='ocr_line' id='line_1_6' title="bbox 456 809 2497 891; baseline -0.003 -19"><span class='ocrx_word' id='word_1_37' title='bbox 456 833 592 873; x_wconf 91' lang='lat' dir='ltr'>cum</span> <span class='ocrx_word' id='word_1_38' title='bbox 645 813 923 891; x_wconf 90' lang='lat' dir='ltr'>magistro</span> <span class='ocrx_word' id='word_1_39' title='bbox 973 812 1238 891; x_wconf 90' lang='lat' dir='ltr'>equitum</span> <span class='ocrx_word' id='word_1_40' title='bbox 1284 815 1347 870; x_wconf 91' lang='lat' dir='ltr'>P.</span> <span class='ocrx_word' id='word_1_41' title='bbox 1403 810 1597 871; x_wconf 87' lang='lat' dir='ltr'>Decio</span> <span class='ocrx_word' id='word_1_42' title='bbox 1647 812 1839 870; x_wconf 93' lang='lat' dir='ltr'>Mure.</span> <span class='ocrx_word' id='word_1_43' title='bbox 1921 811 1999 870; x_wconf 91' lang='lat' dir='ltr'>ab</span> <span class='ocrx_word' id='word_1_44' title='bbox 2048 809 2157 884; x_wconf 89' lang='lat' dir='ltr'>his,</span> <span class='ocrx_word' id='word_1_45' title='bbox 2209 818 2446 885; x_wconf 92' lang='lat' dir='ltr'>propter</span> <span class='ocrx_word' id='word_1_46' title='bbox 2473 833 2497 866; x_wconf 86' lang='lat'><em>2</em></span> 
     </span>
     <span class='ocr_line' id='line_1_7' title="bbox 457 898 2446 988; baseline -0.004 -17"><span class='ocrx_word' id='word_1_47' title='bbox 457 931 611 988; x_wconf 92' lang='lat' dir='ltr'>quae</span> <span class='ocrx_word' id='word_1_48' title='bbox 653 911 832 972; x_wconf 89' lang='lat' dir='ltr'>creati</span> <span class='ocrx_word' id='word_1_49' title='bbox 882 921 1063 983; x_wconf 91' lang='lat' dir='ltr'>erant,</span> <span class='ocrx_word' id='word_1_50' title='bbox 1109 898 1351 970; x_wconf 88' lang='lat' dir='ltr'>comitia</span> <span class='ocrx_word' id='word_1_51' title='bbox 1399 906 1730 968; x_wconf 90' lang='lat' dir='ltr'>consularia</span> <span class='ocrx_word' id='word_1_52' title='bbox 1778 906 1996 980; x_wconf 83' lang='lat' dir='ltr'>habita,</span> <span class='ocrx_word' id='word_1_53' title='bbox 2050 905 2191 984; x_wconf 89' lang='lat' dir='ltr'>quia</span> <span class='ocrx_word' id='word_1_54' title='bbox 2238 916 2446 966; x_wconf 85' lang='lat' dir='ltr'>neuter</span> 
     </span>
     <span class='ocr_line' id='line_1_8' title="bbox 456 1004 2499 1087; baseline -0.003 -20"><span class='ocrx_word' id='word_1_55' title='bbox 456 1012 768 1069; x_wconf 90' lang='lat' dir='ltr'>consulum</span> <span class='ocrx_word' id='word_1_56' title='bbox 811 1018 1083 1087; x_wconf 92' lang='lat' dir='ltr'>potuerat</span> <span class='ocrx_word' id='word_1_57' title='bbox 1116 1008 1276 1068; x_wconf 94' lang='lat' dir='ltr'>bello</span> <span class='ocrx_word' id='word_1_58' title='bbox 1304 1008 1530 1067; x_wconf 88' lang='lat' dir='ltr'>abesse.</span> <span class='ocrx_word' id='word_1_59' title='bbox 1618 1004 1797 1065; x_wconf 90' lang='lat' dir='ltr'>creati</span> <span class='ocrx_word' id='word_1_60' title='bbox 1836 1006 2110 1065; x_wconf 91' lang='lat' dir='ltr'>consules</span> <span class='ocrx_word' id='word_1_61' title='bbox 2142 1006 2208 1063; x_wconf 88' lang='lat' dir='ltr'>L.</span> <span class='ocrx_word' id='word_1_62' title='bbox 2241 1005 2447 1063; x_wconf 89' lang='lat' dir='ltr'>Postu·</span> <span class='ocrx_word' id='word_1_63' title='bbox 2471 1024 2499 1073; x_wconf 81' lang='lat'><strong>3</strong></span> 
     </span>
     <span class='ocr_line' id='line_1_9' title="bbox 456 1099 2441 1179; baseline -0.003 -15"><span class='ocrx_word' id='word_1_64' title='bbox 456 1106 627 1179; x_wconf 81' lang='lat' dir='ltr'>miuS,</span> <span class='ocrx_word' id='word_1_65' title='bbox 680 1105 772 1165; x_wconf 93' lang='lat' dir='ltr'>Ti.</span> <span class='ocrx_word' id='word_1_66' title='bbox 826 1105 1146 1165; x_wconf 83' lang='lat' dir='ltr'>MinuciuS.</span> <span class='ocrx_word' id='word_1_67' title='bbox 1234 1106 1345 1164; x_wconf 87' lang='lat' dir='ltr'>hos</span> <span class='ocrx_word' id='word_1_68' title='bbox 1394 1104 1670 1164; x_wconf 91' lang='lat' dir='ltr'>consules</span> <span class='ocrx_word' id='word_1_69' title='bbox 1721 1101 1859 1162; x_wconf 91' lang='lat' dir='ltr'>Piso</span> <span class='ocrx_word' id='word_1_70' title='bbox 1909 1103 1985 1177; x_wconf 89' lang='lat' dir='ltr'>Q.</span> <span class='ocrx_word' id='word_1_71' title='bbox 2034 1099 2219 1160; x_wconf 91' lang='lat' dir='ltr'>Fabio</span> <span class='ocrx_word' id='word_1_72' title='bbox 2268 1110 2327 1160; x_wconf 91' lang='lat' dir='ltr'>et</span> <span class='ocrx_word' id='word_1_73' title='bbox 2377 1102 2441 1158; x_wconf 94' lang='lat' dir='ltr'>P.</span> 
     </span>
     <span class='ocr_line' id='line_1_10' title="bbox 458 1195 2466 1283; baseline -0.003 -22"><span class='ocrx_word' id='word_1_74' title='bbox 458 1201 650 1261; x_wconf 90' lang='lat' dir='ltr'>Decio</span> <span class='ocrx_word' id='word_1_75' title='bbox 666 1201 937 1279; x_wconf 85' lang='lat' dir='ltr'>suggerit,</span> <span class='ocrx_word' id='word_1_76' title='bbox 964 1200 1206 1262; x_wconf 90' lang='lat' dir='ltr'>biennio</span> <span class='ocrx_word' id='word_1_77' title='bbox 1228 1211 1522 1278; x_wconf 86' lang='lat' dir='ltr'>exempt0,</span> <span class='ocrx_word' id='word_1_78' title='bbox 1548 1219 1669 1278; x_wconf 91' lang='lat' dir='ltr'>quo</span> <span class='ocrx_word' id='word_1_79' title='bbox 1693 1199 2011 1260; x_wconf 89' lang='lat' dir='ltr'>Claudium</span> <span class='ocrx_word' id='word_1_80' title='bbox 2034 1195 2466 1283; x_wconf 71' lang='lat' dir='ltr'>Volumnium-⁸</span> 
     </span>
     <span class='ocr_line' id='line_1_11' title="bbox 458 1293 2439 1375; baseline -0.002 -18"><span class='ocrx_word' id='word_1_81' title='bbox 458 1318 576 1375; x_wconf 91' lang='lat' dir='ltr'>que</span> <span class='ocrx_word' id='word_1_82' title='bbox 609 1309 668 1358; x_wconf 95' lang='lat' dir='ltr'>et</span> <span class='ocrx_word' id='word_1_83' title='bbox 707 1297 1051 1360; x_wconf 91' lang='lat' dir='ltr'>Cornelium</span> <span class='ocrx_word' id='word_1_84' title='bbox 1087 1319 1224 1358; x_wconf 90' lang='lat' dir='ltr'>cum</span> <span class='ocrx_word' id='word_1_85' title='bbox 1269 1297 1499 1358; x_wconf 90' lang='lat' dir='ltr'>Marcio</span> <span class='ocrx_word' id='word_1_86' title='bbox 1535 1300 1810 1357; x_wconf 91' lang='lat' dir='ltr'>consules</span> <span class='ocrx_word' id='word_1_87' title='bbox 1845 1299 2033 1357; x_wconf 90' lang='lat' dir='ltr'>factos</span> <span class='ocrx_word' id='word_1_88' title='bbox 2074 1293 2439 1355; x_wconf 90' lang='lat' dir='ltr'>tradidimus.</span> 
     </span>
     <span class='ocr_line' id='line_1_12' title="bbox 457 1390 2497 1473; baseline 0 -19"><span class='ocrx_word' id='word_1_89' title='bbox 457 1394 819 1455; x_wconf 85' lang='lat' dir='ltr'>memoriane</span> <span class='ocrx_word' id='word_1_90' title='bbox 841 1394 1051 1471; x_wconf 91' lang='lat' dir='ltr'>fugerit</span> <span class='ocrx_word' id='word_1_91' title='bbox 1072 1394 1134 1454; x_wconf 93' lang='lat' dir='ltr'>in</span> <span class='ocrx_word' id='word_1_92' title='bbox 1162 1395 1475 1455; x_wconf 89' lang='lat' dir='ltr'>annalibus</span> <span class='ocrx_word' id='word_1_93' title='bbox 1494 1393 1846 1473; x_wconf 80' lang='lat' dir='ltr'>digerendiS,</span> <span class='ocrx_word' id='word_1_94' title='bbox 1868 1415 1945 1454; x_wconf 92' lang='lat' dir='ltr'>an</span> <span class='ocrx_word' id='word_1_95' title='bbox 1967 1393 2240 1453; x_wconf 90' lang='lat' dir='ltr'>consulto</span> <span class='ocrx_word' id='word_1_96' title='bbox 2267 1390 2442 1452; x_wconf 91' lang='lat' dir='ltr'>binos</span> <span class='ocrx_word' id='word_1_97' title='bbox 2465 1406 2497 1454; x_wconf 90' lang='lat'>4</span> 
     </span>
     <span class='ocr_line' id='line_1_13' title="bbox 456 1492 2095 1567; baseline -0.001 -15"><span class='ocrx_word' id='word_1_98' title='bbox 456 1495 748 1565; x_wconf 83' lang='lat' dir='ltr'>consuleS,</span> <span class='ocrx_word' id='word_1_99' title='bbox 783 1494 959 1552; x_wconf 90' lang='lat' dir='ltr'>falsos</span> <span class='ocrx_word' id='word_1_100' title='bbox 988 1503 1162 1564; x_wconf 81' lang='lat' dir='ltr'>ratuS‚</span> <span class='ocrx_word' id='word_1_101' title='bbox 1198 1492 1643 1567; x_wconf 89' lang='lat' dir='ltr'>transcenderit,</span> <span class='ocrx_word' id='word_1_102' title='bbox 1671 1492 1961 1552; x_wconf 90' lang='lat' dir='ltr'>incertum</span> <span class='ocrx_word' id='word_1_103' title='bbox 1991 1501 2095 1551; x_wconf 90' lang='lat' dir='ltr'>est.</span> 
     </span>
    </p>

    <p class='ocr_par' dir='ltr' id='par_1_4' title="bbox 448 1587 2529 3805">
     <span class='ocr_line' id='line_1_14' title="bbox 537 1587 2495 1667; baseline -0.001 -19"><span class='ocrx_word' id='word_1_104' title='bbox 537 1591 772 1649; x_wconf 92' lang='lat' dir='ltr'>Eodem</span> <span class='ocrx_word' id='word_1_105' title='bbox 800 1594 960 1650; x_wconf 74' lang='lat' dir='ltr'>anno</span> <span class='ocrx_word' id='word_1_106' title='bbox 999 1588 1060 1648; x_wconf 89' lang='lat' dir='ltr'>in</span> <span class='ocrx_word' id='word_1_107' title='bbox 1095 1609 1373 1667; x_wconf 90' lang='lat' dir='ltr'>campum</span> <span class='ocrx_word' id='word_1_108' title='bbox 1409 1592 1712 1650; x_wconf 86' lang='lat' dir='ltr'>Stellatem</span> <span class='ocrx_word' id='word_1_109' title='bbox 1742 1589 1863 1666; x_wconf 88' lang='lat' dir='ltr'>agri</span> <span class='ocrx_word' id='word_1_110' title='bbox 1892 1587 2185 1666; x_wconf 90' lang='lat' dir='ltr'>Campani</span> <span class='ocrx_word' id='word_1_111' title='bbox 2212 1587 2442 1649; x_wconf 91' lang='lat' dir='ltr'>Samni·</span> <span class='ocrx_word' id='word_1_112' title='bbox 2467 1618 2495 1667; x_wconf 85' lang='lat'><strong>5</strong></span> 
     </span>
     <span class='ocr_line' id='line_1_15' title="bbox 455 1685 2496 1763; baseline -0.001 -17"><span class='ocrx_word' id='word_1_113' title='bbox 455 1687 603 1747; x_wconf 91' lang='lat' dir='ltr'>tium</span> <span class='ocrx_word' id='word_1_114' title='bbox 632 1687 999 1747; x_wconf 89' lang='lat' dir='ltr'>incursiones</span> <span class='ocrx_word' id='word_1_115' title='bbox 1028 1689 1233 1746; x_wconf 86' lang='lat' dir='ltr'>factae.</span> <span class='ocrx_word' id='word_1_116' title='bbox 1302 1687 1504 1763; x_wconf 91' lang='lat' dir='ltr'>itaque</span> <span class='ocrx_word' id='word_1_117' title='bbox 1531 1687 1712 1746; x_wconf 93' lang='lat' dir='ltr'>ambo</span> <span class='ocrx_word' id='word_1_118' title='bbox 1741 1688 2014 1746; x_wconf 90' lang='lat' dir='ltr'>consules</span> <span class='ocrx_word' id='word_1_119' title='bbox 2042 1686 2104 1745; x_wconf 92' lang='lat' dir='ltr'>in</span> <span class='ocrx_word' id='word_1_120' title='bbox 2134 1685 2437 1747; x_wconf 91' lang='lat' dir='ltr'>Samnium</span> <span class='ocrx_word' id='word_1_121' title='bbox 2464 1702 2496 1751; x_wconf 84' lang='lat'><strong>6</strong></span> 
     </span>
     <span class='ocr_line' id='line_1_16' title="bbox 460 1782 2438 1859; baseline -0.001 -17"><span class='ocrx_word' id='word_1_122' title='bbox 460 1784 622 1842; x_wconf 91' lang='lat' dir='ltr'>missi</span> <span class='ocrx_word' id='word_1_123' title='bbox 645 1805 784 1843; x_wconf 92' lang='lat' dir='ltr'>cum</span> <span class='ocrx_word' id='word_1_124' title='bbox 806 1783 1064 1843; x_wconf 89' lang='lat' dir='ltr'>diversas</span> <span class='ocrx_word' id='word_1_125' title='bbox 1088 1783 1372 1859; x_wconf 89' lang='lat' dir='ltr'>regiones,</span> <span class='ocrx_word' id='word_1_126' title='bbox 1393 1782 1704 1842; x_wconf 91' lang='lat' dir='ltr'>Tifernum</span> <span class='ocrx_word' id='word_1_127' title='bbox 1728 1782 2083 1856; x_wconf 84' lang='lat' dir='ltr'>PostumiuS,</span> <span class='ocrx_word' id='word_1_128' title='bbox 2108 1782 2438 1842; x_wconf 89' lang='lat' dir='ltr'>Bovianum</span> 
     </span>
     <span class='ocr_line' id='line_1_17' title="bbox 460 1878 2502 1958; baseline -0.001 -18"><span class='ocrx_word' id='word_1_129' title='bbox 460 1880 764 1940; x_wconf 91' lang='lat' dir='ltr'>Minucius</span> <span class='ocrx_word' id='word_1_130' title='bbox 793 1881 1052 1958; x_wconf 90' lang='lat' dir='ltr'>petisset,</span> <span class='ocrx_word' id='word_1_131' title='bbox 1079 1878 1369 1939; x_wconf 91' lang='lat' dir='ltr'>Postumii</span> <span class='ocrx_word' id='word_1_132' title='bbox 1398 1878 1559 1955; x_wconf 91' lang='lat' dir='ltr'>prius</span> <span class='ocrx_word' id='word_1_133' title='bbox 1582 1880 1764 1938; x_wconf 91' lang='lat' dir='ltr'>ductu</span> <span class='ocrx_word' id='word_1_134' title='bbox 1786 1880 1864 1938; x_wconf 91' lang='lat' dir='ltr'>ad</span> <span class='ocrx_word' id='word_1_135' title='bbox 1887 1881 2195 1939; x_wconf 88' lang='lat' dir='ltr'>Tifernum</span> <span class='ocrx_word' id='word_1_136' title='bbox 2223 1899 2442 1956; x_wconf 90' lang='lat' dir='ltr'>pugna·</span> <span class='ocrx_word' id='word_1_137' title='bbox 2497 1922 2502 1925; x_wconf 20' lang='grc' dir='ltr'><strong>Α</strong></span> 
     </span>
     <span class='ocr_line' id='line_1_18' title="bbox 457 1974 2497 2052; baseline -0.001 -15"><span class='ocrx_word' id='word_1_138' title='bbox 457 1988 602 2038; x_wconf 90' lang='lat' dir='ltr'>tum.</span> <span class='ocrx_word' id='word_1_139' title='bbox 694 1976 793 2037; x_wconf 90' lang='lat' dir='ltr'>alii</span> <span class='ocrx_word' id='word_1_140' title='bbox 849 1974 1011 2036; x_wconf 87' lang='lat' dir='ltr'>haud</span> <span class='ocrx_word' id='word_1_141' title='bbox 1066 1974 1249 2043; x_wconf 91' lang='lat' dir='ltr'>dubie</span> <span class='ocrx_word' id='word_1_142' title='bbox 1308 1974 1600 2035; x_wconf 87' lang='lat' dir='ltr'>Samnites</span> <span class='ocrx_word' id='word_1_143' title='bbox 1654 1974 1841 2035; x_wconf 87' lang='lat' dir='ltr'>victos</span> <span class='ocrx_word' id='word_1_144' title='bbox 1896 1995 1966 2036; x_wconf 93' lang='lat' dir='ltr'>ac</span> <span class='ocrx_word' id='word_1_145' title='bbox 2020 1975 2227 2052; x_wconf 91' lang='lat' dir='ltr'>viginti</span> <span class='ocrx_word' id='word_1_146' title='bbox 2282 1975 2443 2034; x_wconf 90' lang='lat' dir='ltr'>milia</span> <span class='ocrx_word' id='word_1_147' title='bbox 2471 1995 2497 2047; x_wconf 88' lang='lat'>7</span> 
     </span>
     <span class='ocr_line' id='line_1_19' title="bbox 455 2071 2496 2150; baseline 0 -17"><span class='ocrx_word' id='word_1_148' title='bbox 455 2075 769 2134; x_wconf 86' lang='lat' dir='ltr'>hominum</span> <span class='ocrx_word' id='word_1_149' title='bbox 825 2084 997 2150; x_wconf 91' lang='lat' dir='ltr'>capta</span> <span class='ocrx_word' id='word_1_150' title='bbox 1046 2074 1302 2145; x_wconf 90' lang='lat' dir='ltr'>tradunt,</span> <span class='ocrx_word' id='word_1_151' title='bbox 1352 2071 1452 2132; x_wconf 91' lang='lat' dir='ltr'>alii</span> <span class='ocrx_word' id='word_1_152' title='bbox 1503 2075 1696 2132; x_wconf 90' lang='lat' dir='ltr'>Marte</span> <span class='ocrx_word' id='word_1_153' title='bbox 1744 2092 1938 2150; x_wconf 89' lang='lat' dir='ltr'>aequo</span> <span class='ocrx_word' id='word_1_154' title='bbox 1987 2072 2329 2146; x_wconf 88' lang='lat' dir='ltr'>discessum,</span> <span class='ocrx_word' id='word_1_155' title='bbox 2384 2083 2443 2133; x_wconf 91' lang='lat' dir='ltr'>et</span> <span class='ocrx_word' id='word_1_156' title='bbox 2466 2091 2496 2138; x_wconf 87' lang='lat'>8</span> 
     </span>
     <span class='ocr_line' id='line_1_20' title="bbox 457 2169 2443 2245; baseline -0.001 -14"><span class='ocrx_word' id='word_1_157' title='bbox 457 2171 848 2245; x_wconf 86' lang='lat' dir='ltr'>Postumium,</span> <span class='ocrx_word' id='word_1_158' title='bbox 898 2181 1124 2231; x_wconf 92' lang='lat' dir='ltr'>metum</span> <span class='ocrx_word' id='word_1_159' title='bbox 1169 2169 1563 2245; x_wconf 86' lang='lat' dir='ltr'>simulantem,</span> <span class='ocrx_word' id='word_1_160' title='bbox 1603 2180 1896 2231; x_wconf 89' lang='lat' dir='ltr'>nocturno</span> <span class='ocrx_word' id='word_1_161' title='bbox 1937 2169 2145 2231; x_wconf 89' lang='lat' dir='ltr'>itinere</span> <span class='ocrx_word' id='word_1_162' title='bbox 2185 2172 2338 2231; x_wconf 90' lang='lat' dir='ltr'>clam</span> <span class='ocrx_word' id='word_1_163' title='bbox 2382 2171 2443 2229; x_wconf 91' lang='lat' dir='ltr'>in</span> 
     </span>
     <span class='ocr_line' id='line_1_21' title="bbox 457 2267 2443 2346; baseline 0.001 -19"><span class='ocrx_word' id='word_1_164' title='bbox 457 2280 689 2329; x_wconf 91' lang='lat' dir='ltr'>montes</span> <span class='ocrx_word' id='word_1_165' title='bbox 738 2267 939 2346; x_wconf 90' lang='lat' dir='ltr'>copias</span> <span class='ocrx_word' id='word_1_166' title='bbox 990 2267 1322 2341; x_wconf 87' lang='lat' dir='ltr'>abduxisse,</span> <span class='ocrx_word' id='word_1_167' title='bbox 1374 2269 1575 2328; x_wconf 87' lang='lat' dir='ltr'>hostes</span> <span class='ocrx_word' id='word_1_168' title='bbox 1632 2279 1865 2328; x_wconf 90' lang='lat' dir='ltr'>secutos</span> <span class='ocrx_word' id='word_1_169' title='bbox 1914 2270 2038 2329; x_wconf 93' lang='lat' dir='ltr'>duo</span> <span class='ocrx_word' id='word_1_170' title='bbox 2087 2268 2247 2329; x_wconf 92' lang='lat' dir='ltr'>milia</span> <span class='ocrx_word' id='word_1_171' title='bbox 2302 2269 2443 2328; x_wconf 91' lang='lat' dir='ltr'>inde</span> 
     </span>
     <span class='ocr_line' id='line_1_22' title="bbox 454 2364 2497 2442; baseline 0 -17"><span class='ocrx_word' id='word_1_172' title='bbox 454 2365 599 2425; x_wconf 94' lang='lat' dir='ltr'>locis</span> <span class='ocrx_word' id='word_1_173' title='bbox 648 2364 889 2425; x_wconf 89' lang='lat' dir='ltr'>munitis</span> <span class='ocrx_word' id='word_1_174' title='bbox 939 2375 999 2426; x_wconf 92' lang='lat' dir='ltr'>et</span> <span class='ocrx_word' id='word_1_175' title='bbox 1041 2364 1201 2442; x_wconf 91' lang='lat' dir='ltr'>ipsos</span> <span class='ocrx_word' id='word_1_176' title='bbox 1244 2365 1601 2426; x_wconf 90' lang='lat' dir='ltr'>consedisse.</span> <span class='ocrx_word' id='word_1_177' title='bbox 1689 2369 1913 2439; x_wconf 92' lang='lat' dir='ltr'>consul,</span> <span class='ocrx_word' id='word_1_178' title='bbox 1959 2376 2026 2426; x_wconf 92' lang='lat' dir='ltr'>ut</span> <span class='ocrx_word' id='word_1_179' title='bbox 2067 2366 2276 2427; x_wconf 87' lang='lat' dir='ltr'>stativa</span> <span class='ocrx_word' id='word_1_180' title='bbox 2318 2378 2444 2426; x_wconf 91' lang='lat' dir='ltr'>tuta</span> <span class='ocrx_word' id='word_1_181' title='bbox 2466 2390 2497 2437; x_wconf 96' lang='lat'>9</span> 
     </span>
     <span class='ocr_line' id='line_1_23' title="bbox 453 2461 2445 2541; baseline 0.001 -19"><span class='ocrx_word' id='word_1_182' title='bbox 453 2461 956 2540; x_wconf 89' lang='lat' dir='ltr'>copiosaque—et</span> <span class='ocrx_word' id='word_1_183' title='bbox 1011 2463 1093 2521; x_wconf 91' lang='lat' dir='ltr'>ita</span> <span class='ocrx_word' id='word_1_184' title='bbox 1141 2462 1606 2540; x_wconf 90' lang='lat' dir='ltr'>erant—petisse</span> <span class='ocrx_word' id='word_1_185' title='bbox 1654 2463 1964 2536; x_wconf 91' lang='lat' dir='ltr'>videretur,</span> <span class='ocrx_word' id='word_1_186' title='bbox 2015 2475 2333 2541; x_wconf 91' lang='lat' dir='ltr'>postquam</span> <span class='ocrx_word' id='word_1_187' title='bbox 2385 2476 2445 2524; x_wconf 90' lang='lat' dir='ltr'>et</span> 
     </span>
     <span class='ocr_line' id='line_1_24' title="bbox 455 2558 2441 2637; baseline 0.001 -19"><span class='ocrx_word' id='word_1_188' title='bbox 455 2558 838 2619; x_wconf 90' lang='lat' dir='ltr'>munimentis</span> <span class='ocrx_word' id='word_1_189' title='bbox 875 2570 1064 2619; x_wconf 85' lang='lat' dir='ltr'>castra</span> <span class='ocrx_word' id='word_1_190' title='bbox 1092 2560 1344 2619; x_wconf 89' lang='lat' dir='ltr'>firmavit</span> <span class='ocrx_word' id='word_1_191' title='bbox 1379 2570 1438 2619; x_wconf 93' lang='lat' dir='ltr'>et</span> <span class='ocrx_word' id='word_1_192' title='bbox 1469 2563 1634 2619; x_wconf 83' lang='lat' dir='ltr'>omni</span> <span class='ocrx_word' id='word_1_193' title='bbox 1672 2571 1955 2637; x_wconf 88' lang='lat' dir='ltr'>apparatu</span> <span class='ocrx_word' id='word_1_194' title='bbox 1985 2580 2179 2620; x_wconf 92' lang='lat' dir='ltr'>rerum</span> <span class='ocrx_word' id='word_1_195' title='bbox 2208 2560 2441 2620; x_wconf 90' lang='lat' dir='ltr'>utilium</span> 
     </span>
     <span class='ocr_line' id='line_1_25' title="bbox 453 2655 2529 2734; baseline 0.001 -19"><span class='ocrx_word' id='word_1_196' title='bbox 453 2656 738 2729; x_wconf 88' lang='lat' dir='ltr'>instruxit,</span> <span class='ocrx_word' id='word_1_197' title='bbox 780 2655 986 2717; x_wconf 90' lang='lat' dir='ltr'>relicto</span> <span class='ocrx_word' id='word_1_198' title='bbox 1027 2658 1199 2716; x_wconf 89' lang='lat' dir='ltr'>firmo</span> <span class='ocrx_word' id='word_1_199' title='bbox 1242 2656 1539 2734; x_wconf 89' lang='lat' dir='ltr'>praesidio</span> <span class='ocrx_word' id='word_1_200' title='bbox 1573 2659 1651 2728; x_wconf 85' lang='lat' dir='ltr'>de</span> <span class='ocrx_word' id='word_1_201' title='bbox 1689 2656 1885 2733; x_wconf 89' lang='lat' dir='ltr'>vigilia</span> <span class='ocrx_word' id='word_1_202' title='bbox 1924 2656 2107 2730; x_wconf 89' lang='lat' dir='ltr'>tertia,</span> <span class='ocrx_word' id='word_1_203' title='bbox 2146 2677 2265 2733; x_wconf 90' lang='lat' dir='ltr'>qua</span> <span class='ocrx_word' id='word_1_204' title='bbox 2302 2658 2442 2717; x_wconf 92' lang='lat' dir='ltr'>duci</span> <span class='ocrx_word' id='word_1_205' title='bbox 2470 2682 2529 2718; x_wconf 91' lang='lat'>10</span> 
     </span>
     <span class='ocr_line' id='line_1_26' title="bbox 451 2754 2440 2834; baseline 0.001 -21"><span class='ocrx_word' id='word_1_206' title='bbox 451 2754 716 2832; x_wconf 90' lang='lat' dir='ltr'>proxime</span> <span class='ocrx_word' id='word_1_207' title='bbox 757 2765 968 2832; x_wconf 92' lang='lat' dir='ltr'>potest,</span> <span class='ocrx_word' id='word_1_208' title='bbox 1015 2755 1316 2831; x_wconf 82' lang='lat' dir='ltr'>expeditas</span> <span class='ocrx_word' id='word_1_209' title='bbox 1366 2754 1628 2832; x_wconf 90' lang='lat' dir='ltr'>legiones</span> <span class='ocrx_word' id='word_1_210' title='bbox 1676 2756 1754 2814; x_wconf 91' lang='lat' dir='ltr'>ad</span> <span class='ocrx_word' id='word_1_211' title='bbox 1797 2757 2099 2831; x_wconf 91' lang='lat' dir='ltr'>collegam,</span> <span class='ocrx_word' id='word_1_212' title='bbox 2146 2766 2205 2815; x_wconf 94' lang='lat' dir='ltr'>et</span> <span class='ocrx_word' id='word_1_213' title='bbox 2246 2755 2440 2834; x_wconf 90' lang='lat' dir='ltr'>ipsum</span> 
     </span>
     <span class='ocr_line' id='line_1_27' title="bbox 451 2847 2524 2927; baseline 0.001 -15"><span class='ocrx_word' id='word_1_214' title='bbox 451 2854 731 2912; x_wconf 90' lang='lat' dir='ltr'>adversus</span> <span class='ocrx_word' id='word_1_215' title='bbox 760 2852 907 2913; x_wconf 92' lang='lat' dir='ltr'>alios</span> <span class='ocrx_word' id='word_1_216' title='bbox 938 2854 1266 2927; x_wconf 89' lang='lat' dir='ltr'>sedentem,</span> <span class='ocrx_word' id='word_1_217' title='bbox 1288 2851 1472 2911; x_wconf 90' lang='lat' dir='ltr'>ducit.</span> <span class='ocrx_word' id='word_1_218' title='bbox 1529 2851 1614 2912; x_wconf 93' lang='lat' dir='ltr'>ibi</span> <span class='ocrx_word' id='word_1_219' title='bbox 1639 2862 1881 2912; x_wconf 91' lang='lat' dir='ltr'>auctore</span> <span class='ocrx_word' id='word_1_220' title='bbox 1905 2847 2213 2913; x_wconf 90' lang='lat' dir='ltr'>Postumio</span> <span class='ocrx_word' id='word_1_221' title='bbox 2245 2852 2443 2913; x_wconf 87' lang='lat' dir='ltr'>Minu·</span> <span class='ocrx_word' id='word_1_222' title='bbox 2472 2880 2524 2915; x_wconf 90' lang='lat'>11</span> 
     </span>
     <span class='ocr_line' id='line_1_28' title="bbox 450 2948 2439 3028; baseline -0.001 -18"><span class='ocrx_word' id='word_1_223' title='bbox 450 2948 576 3010; x_wconf 92' lang='lat' dir='ltr'>cius</span> <span class='ocrx_word' id='word_1_224' title='bbox 612 2969 750 3008; x_wconf 92' lang='lat' dir='ltr'>cum</span> <span class='ocrx_word' id='word_1_225' title='bbox 789 2948 1060 3009; x_wconf 89' lang='lat' dir='ltr'>hostibus</span> <span class='ocrx_word' id='word_1_226' title='bbox 1099 2949 1265 3026; x_wconf 90' lang='lat' dir='ltr'>signa</span> <span class='ocrx_word' id='word_1_227' title='bbox 1307 2952 1551 3021; x_wconf 90' lang='lat' dir='ltr'>confert,</span> <span class='ocrx_word' id='word_1_228' title='bbox 1590 2960 1666 3022; x_wconf 93' lang='lat' dir='ltr'>et,</span> <span class='ocrx_word' id='word_1_229' title='bbox 1708 2970 1845 3009; x_wconf 90' lang='lat' dir='ltr'>cum</span> <span class='ocrx_word' id='word_1_230' title='bbox 1886 2970 2107 3027; x_wconf 90' lang='lat' dir='ltr'>anceps</span> <span class='ocrx_word' id='word_1_231' title='bbox 2150 2952 2439 3028; x_wconf 89' lang='lat' dir='ltr'>proelium</span> 
     </span>
     <span class='ocr_line' id='line_1_29' title="bbox 450 3037 2440 3125; baseline 0.001 -21"><span class='ocrx_word' id='word_1_232' title='bbox 450 3037 512 3104; x_wconf 90' lang='lat' dir='ltr'>in</span> <span class='ocrx_word' id='word_1_233' title='bbox 543 3048 796 3105; x_wconf 92' lang='lat' dir='ltr'>multum</span> <span class='ocrx_word' id='word_1_234' title='bbox 825 3045 945 3106; x_wconf 89' lang='lat' dir='ltr'>diei</span> <span class='ocrx_word' id='word_1_235' title='bbox 974 3045 1371 3122; x_wconf 88' lang='lat' dir='ltr'>processisset,</span> <span class='ocrx_word' id='word_1_236' title='bbox 1404 3057 1531 3106; x_wconf 92' lang='lat' dir='ltr'>tum</span> <span class='ocrx_word' id='word_1_237' title='bbox 1564 3046 1904 3106; x_wconf 91' lang='lat' dir='ltr'>Postumius</span> <span class='ocrx_word' id='word_1_238' title='bbox 1935 3046 2173 3124; x_wconf 89' lang='lat' dir='ltr'>integris</span> <span class='ocrx_word' id='word_1_239' title='bbox 2203 3047 2440 3125; x_wconf 89' lang='lat' dir='ltr'>legioni-</span> 
     </span>
     <span class='ocr_line' id='line_1_30' title="bbox 451 3142 2521 3221; baseline 0.001 -18"><span class='ocrx_word' id='word_1_240' title='bbox 451 3143 564 3203; x_wconf 92' lang='lat' dir='ltr'>bus</span> <span class='ocrx_word' id='word_1_241' title='bbox 593 3145 886 3203; x_wconf 90' lang='lat' dir='ltr'>defessam</span> <span class='ocrx_word' id='word_1_242' title='bbox 916 3142 1031 3201; x_wconf 91' lang='lat' dir='ltr'>iam</span> <span class='ocrx_word' id='word_1_243' title='bbox 1056 3145 1243 3203; x_wconf 91' lang='lat' dir='ltr'>aciem</span> <span class='ocrx_word' id='word_1_244' title='bbox 1274 3142 1537 3203; x_wconf 90' lang='lat' dir='ltr'>hostium</span> <span class='ocrx_word' id='word_1_245' title='bbox 1566 3143 1887 3221; x_wconf 89' lang='lat' dir='ltr'>improviso</span> <span class='ocrx_word' id='word_1_246' title='bbox 1910 3143 2151 3204; x_wconf 87' lang='lat' dir='ltr'>invadit.</span> <span class='ocrx_word' id='word_1_247' title='bbox 2240 3147 2438 3221; x_wconf 90' lang='lat' dir='ltr'>itaque</span> <span class='ocrx_word' id='word_1_248' title='bbox 2468 3171 2521 3206; x_wconf 78' lang='lat'>12</span> 
     </span>
     <span class='ocr_line' id='line_1_31' title="bbox 449 3240 2436 3319; baseline 0.001 -19"><span class='ocrx_word' id='word_1_249' title='bbox 449 3260 586 3300; x_wconf 92' lang='lat' dir='ltr'>cum</span> <span class='ocrx_word' id='word_1_250' title='bbox 643 3240 933 3300; x_wconf 91' lang='lat' dir='ltr'>lassitudo</span> <span class='ocrx_word' id='word_1_251' title='bbox 987 3260 1057 3299; x_wconf 91' lang='lat' dir='ltr'>ac</span> <span class='ocrx_word' id='word_1_252' title='bbox 1112 3242 1354 3300; x_wconf 89' lang='lat' dir='ltr'>vulnera</span> <span class='ocrx_word' id='word_1_253' title='bbox 1409 3244 1608 3318; x_wconf 88' lang='lat' dir='ltr'>fugam</span> <span class='ocrx_word' id='word_1_254' title='bbox 1671 3261 1913 3319; x_wconf 91' lang='lat' dir='ltr'>quoque</span> <span class='ocrx_word' id='word_1_255' title='bbox 1974 3242 2436 3318; x_wconf 88' lang='lat' dir='ltr'>praepedissent,</span> 
     </span>
     <span class='ocr_line' id='line_1_32' title="bbox 450 3336 2438 3417; baseline 0.002 -21"><span class='ocrx_word' id='word_1_256' title='bbox 450 3337 764 3398; x_wconf 90' lang='lat' dir='ltr'>occidione</span> <span class='ocrx_word' id='word_1_257' title='bbox 806 3336 989 3397; x_wconf 92' lang='lat' dir='ltr'>occisi</span> <span class='ocrx_word' id='word_1_258' title='bbox 1031 3338 1248 3410; x_wconf 80' lang='lat' dir='ltr'>hosteS‚</span> <span class='ocrx_word' id='word_1_259' title='bbox 1281 3340 1446 3416; x_wconf 89' lang='lat' dir='ltr'>signa</span> <span class='ocrx_word' id='word_1_260' title='bbox 1490 3358 1675 3398; x_wconf 90' lang='lat' dir='ltr'>unum</span> <span class='ocrx_word' id='word_1_261' title='bbox 1716 3348 1776 3398; x_wconf 91' lang='lat' dir='ltr'>et</span> <span class='ocrx_word' id='word_1_262' title='bbox 1812 3338 2017 3415; x_wconf 90' lang='lat' dir='ltr'>viginti</span> <span class='ocrx_word' id='word_1_263' title='bbox 2050 3350 2223 3415; x_wconf 87' lang='lat' dir='ltr'>capta</span> <span class='ocrx_word' id='word_1_264' title='bbox 2258 3350 2438 3417; x_wconf 91' lang='lat' dir='ltr'>atque</span> 
     </span>
     <span class='ocr_line' id='line_1_33' title="bbox 449 3433 2520 3512; baseline 0.001 -20"><span class='ocrx_word' id='word_1_265' title='bbox 449 3433 591 3493; x_wconf 91' lang='lat' dir='ltr'>inde</span> <span class='ocrx_word' id='word_1_266' title='bbox 619 3437 695 3494; x_wconf 89' lang='lat' dir='ltr'>ad</span> <span class='ocrx_word' id='word_1_267' title='bbox 727 3445 917 3494; x_wconf 89' lang='lat' dir='ltr'>castra</span> <span class='ocrx_word' id='word_1_268' title='bbox 946 3433 1234 3493; x_wconf 90' lang='lat' dir='ltr'>Postumii</span> <span class='ocrx_word' id='word_1_269' title='bbox 1264 3445 1611 3512; x_wconf 89' lang='lat' dir='ltr'>perrectum.</span> <span class='ocrx_word' id='word_1_270' title='bbox 1699 3435 1784 3494; x_wconf 91' lang='lat' dir='ltr'>ibi</span> <span class='ocrx_word' id='word_1_271' title='bbox 1805 3437 1928 3496; x_wconf 92' lang='lat' dir='ltr'>duo</span> <span class='ocrx_word' id='word_1_272' title='bbox 1950 3435 2202 3496; x_wconf 87' lang='lat' dir='ltr'>victores</span> <span class='ocrx_word' id='word_1_273' title='bbox 2225 3436 2436 3497; x_wconf 86' lang='lat' dir='ltr'>exerci-</span> <span class='ocrx_word' id='word_1_274' title='bbox 2464 3461 2520 3509; x_wconf 85' lang='lat'>13</span> 
     </span>
     <span class='ocr_line' id='line_1_34' title="bbox 449 3530 2435 3612; baseline 0.001 -21"><span class='ocrx_word' id='word_1_275' title='bbox 449 3542 542 3591; x_wconf 91' lang='lat' dir='ltr'>tus</span> <span class='ocrx_word' id='word_1_276' title='bbox 585 3533 922 3608; x_wconf 91' lang='lat' dir='ltr'>perculsum</span> <span class='ocrx_word' id='word_1_277' title='bbox 957 3530 1074 3590; x_wconf 92' lang='lat' dir='ltr'>iam</span> <span class='ocrx_word' id='word_1_278' title='bbox 1110 3533 1266 3591; x_wconf 90' lang='lat' dir='ltr'>fama</span> <span class='ocrx_word' id='word_1_279' title='bbox 1299 3534 1532 3594; x_wconf 88' lang='lat' dir='ltr'>hostem</span> <span class='ocrx_word' id='word_1_280' title='bbox 1566 3532 1759 3594; x_wconf 90' lang='lat' dir='ltr'>adorti</span> <span class='ocrx_word' id='word_1_281' title='bbox 1788 3534 2047 3593; x_wconf 89' lang='lat' dir='ltr'>fundunt</span> <span class='ocrx_word' id='word_1_282' title='bbox 2074 3536 2397 3612; x_wconf 89' lang='lat' dir='ltr'>fugantque</span> <span class='ocrx_word' id='word_1_283' title='bbox 2416 3557 2435 3609; x_wconf 80' lang='lat'>3</span> 
     </span>
     <span class='ocr_line' id='line_1_35' title="bbox 448 3615 2431 3708; baseline 0.001 -21"><span class='ocrx_word' id='word_1_284' title='bbox 448 3629 614 3705; x_wconf 90' lang='lat' dir='ltr'>signa</span> <span class='ocrx_word' id='word_1_285' title='bbox 654 3627 926 3687; x_wconf 89' lang='lat' dir='ltr'>militaria</span> <span class='ocrx_word' id='word_1_286' title='bbox 962 3648 1064 3688; x_wconf 87' lang='lat' dir='ltr'>sex</span> <span class='ocrx_word' id='word_1_287' title='bbox 1101 3640 1160 3688; x_wconf 93' lang='lat' dir='ltr'>et</span> <span class='ocrx_word' id='word_1_288' title='bbox 1190 3615 1392 3707; x_wconf 83' lang='lat' dir='ltr'>viginti</span> <span class='ocrx_word' id='word_1_289' title='bbox 1421 3641 1595 3707; x_wconf 88' lang='lat' dir='ltr'>capta</span> <span class='ocrx_word' id='word_1_290' title='bbox 1632 3643 1689 3691; x_wconf 90' lang='lat' dir='ltr'>et</span> <span class='ocrx_word' id='word_1_291' title='bbox 1726 3630 2045 3708; x_wconf 90' lang='lat' dir='ltr'>imperator</span> <span class='ocrx_word' id='word_1_292' title='bbox 2080 3631 2431 3690; x_wconf 89' lang='lat' dir='ltr'>Samnitium</span> 
     </span>
     <span class='ocr_line' id='line_1_36' title="bbox 449 3724 2431 3805; baseline 0.002 -20"><span class='ocrx_word' id='word_1_293' title='bbox 449 3724 668 3785; x_wconf 91' lang='lat' dir='ltr'>Statius</span> <span class='ocrx_word' id='word_1_294' title='bbox 715 3725 942 3786; x_wconf 91' lang='lat' dir='ltr'>Gellius</span> <span class='ocrx_word' id='word_1_295' title='bbox 999 3726 1288 3805; x_wconf 90' lang='lat' dir='ltr'>multique</span> <span class='ocrx_word' id='word_1_296' title='bbox 1339 3727 1437 3787; x_wconf 89' lang='lat' dir='ltr'>alii</span> <span class='ocrx_word' id='word_1_297' title='bbox 1494 3731 1771 3789; x_wconf 91' lang='lat' dir='ltr'>mortales</span> <span class='ocrx_word' id='word_1_298' title='bbox 1826 3739 1886 3788; x_wconf 92' lang='lat' dir='ltr'>et</span> <span class='ocrx_word' id='word_1_299' title='bbox 1941 3738 2129 3787; x_wconf 88' lang='lat' dir='ltr'>castra</span> <span class='ocrx_word' id='word_1_300' title='bbox 2185 3738 2431 3805; x_wconf 88' lang='lat' dir='ltr'>utraque</span> 
     </span>
    </p>
   </div>
  </div>
 </body>
</html>
