2909 4381
743 274 850 331 AB
894 272 1122 331 VRBE
1166 248 1556 332 CONmTA
1600 274 1756 331 ΜΒ.
1804 274 1913 332 1x.
1958 291 2156 347 32-34

451 431 714 492 Marcius
772 433 1010 493 Rutilus
1067 436 1241 493 datus
1290 444 1393 493 est.
1500 445 1761 493 ceterum
1819 445 1878 494 et
1935 433 2153 494 Fabius
2210 436 2440 510 supple·
2466 455 2493 490 2

449 540 719 590 mentum
748 532 825 591 ab
858 535 1053 591 Roma
1081 531 1327 592 adduxit
1370 543 1430 591 et
1466 519 1666 592 novus·
1684 532 1970 592 exercitus
1999 534 2184 593 domo
2213 531 2437 592 accitus

451 627 716 687 Etruscis
744 628 921 688 venit.

532 725 816 785 Permulti
848 726 990 786 anni
1028 727 1145 787 iam
1176 739 1358 801 erant,
1389 748 1529 787 cum
1564 727 1716 788 inter
1753 728 2028 804 patricios
2069 728 2438 806 magistratus
2468 744 2496 792 3

450 823 839 902 tribunosque
868 828 1029 885 nulla
1057 826 1380 886 certamina
1418 828 1666 897 fuerant,
1700 846 1835 885 cum
1867 847 1938 886 ex
1976 847 2047 886 ea
2075 826 2311 899 familia,
2343 824 2441 886 cui

450 924 610 982 velut
651 925 774 982 fato
812 922 882 983 lis
920 943 1057 982 cum
1101 923 1350 983 tribunis
1392 943 1463 982 ac
1505 925 1680 999 plebe
1722 934 1860 995 erat,
1898 935 2198 983 certamen
2239 922 2436 983 oritur.

451 1022 565 1095 Ap.
599 1019 886 1080 Claudius
930 1039 1140 1081 censor
1182 1019 1551 1079 circumactis
1595 1022 1805 1080 decem
1847 1032 1905 1080 et
1943 1032 2081 1081 octo
2116 1020 2435 1093 mensibuS‚
2462 1037 2496 1085 4

451 1118 615 1192 quod
645 1116 901 1176 Aemilia
938 1119 1067 1194 lege
1101 1117 1335 1177 finitum
1373 1137 1658 1178 censurae
1697 1117 1955 1195 spatium
1985 1118 2267 1196 temporis
2297 1128 2436 1191 erat,

452 1233 590 1272 cum
640 1215 709 1275 C.
762 1214 1041 1287 PlautiuS‚
1096 1217 1324 1291 collega
1371 1214 1520 1289 eiuS,
1567 1215 1908 1294 magistratu
1966 1237 2029 1277 se
2086 1216 2442 1291 abdicasset,

454 1312 616 1370 nulla
644 1313 701 1370 vi
729 1311 1022 1388 compelli,
1055 1324 1121 1373 ut
1157 1313 1475 1386 abdicaret,
1519 1314 1728 1391 potuit.
1812 1319 1877 1373 P.
1908 1314 2289 1392 Sempronius
2318 1325 2441 1375 erat
2466 1331 2495 1382 5

452 1408 721 1469 tribunus
783 1409 989 1487 plebis,
1050 1412 1153 1487 qui
1208 1411 1506 1472 finiendae
1562 1432 1844 1497 censurae
1902 1413 2054 1473 intra
2114 1412 2441 1490 legitimum

453 1516 686 1584 tempus
728 1507 1024 1568 actionem
1068 1520 1419 1586 susceperat,
1467 1530 1589 1570 non
1634 1513 1979 1588 popularem
2031 1512 2215 1590 magis
2261 1531 2441 1589 quam

452 1602 666 1663 iustam
711 1624 821 1664 nec
864 1604 926 1665 in
968 1607 1176 1682 vulgus
1219 1627 1399 1684 quam
1444 1607 1675 1684 optimo
1718 1608 1937 1685 cuique
1977 1608 2305 1685 gratiorem.
2392 1608 2443 1668 is
2465 1617 2498 1667 6

453 1722 590 1761 cum
630 1701 958 1763 identidem
995 1706 1185 1781 legem
1214 1704 1532 1764 Aemiliam
1561 1704 1831 1765 recitaret
1865 1717 2288 1783 auctoremque
2316 1705 2443 1767 eius

455 1803 640 1860 Mam.
671 1801 993 1862 Aemilium
1029 1803 1380 1863 dictatorem
1417 1802 1695 1862 laudibus
1734 1804 1923 1875 ferret,
1968 1803 2071 1880 qui
2113 1803 2444 1880 quinquen-

454 1901 651 1957 nalem
688 1909 827 1958 ante
861 1917 1173 1958 censuram
1216 1909 1276 1958 et
1315 1898 1754 1975 longinquitate
1795 1899 2102 1976 potestatis
2137 1899 2446 1960 dominan-

455 2007 574 2057 tem
632 1996 782 2058 intra
839 2017 941 2058 sex
996 2017 1268 2058 mensum
1326 2009 1385 2058 et
1439 1998 1583 2058 anni
1631 1998 1920 2076 coegisset
1976 1997 2249 2076 spatium,
2313 1998 2444 2059 ‘dic
2470 2009 2499 2063 7

453 2095 707 2170 agedum
728 2095 742 2122 ²
771 2093 978 2170 inquit,
1017 2099 1031 2126 ‘
1049 2097 1163 2171 Ap.
1193 2096 1429 2168 Claudi,
1460 2094 1748 2172 quidnam
1777 2098 2035 2156 facturus
2064 2094 2258 2169 fueris,
2292 2098 2339 2156 si
2370 2116 2444 2156 eo

454 2200 736 2267 tempore,
776 2211 900 2268 quo
939 2190 1011 2253 C.
1050 2190 1261 2251 Furius
1303 2203 1363 2252 et
1406 2194 1493 2251 M.
1528 2193 1829 2269 Geganius
1871 2213 2147 2254 censores
2189 2196 2441 2266 fuerunt,

454 2308 665 2348 censor
729 2288 976 2348 fuisses!
1074 2309 1288 2366 negare
1343 2289 1575 2366 Appius
1641 2289 2158 2368 interrogationem
2223 2291 2442 2351 tribuni
2467 2299 2499 2348 8

455 2405 672 2463 magno
701 2406 880 2463 opere
908 2387 985 2446 ad
1015 2406 1254 2446 causam
1290 2389 1584 2464 pertinere
1622 2407 1788 2448 suam
1810 2410 1827 2463 3
1869 2408 2009 2448 nam
2047 2388 2158 2449 etsi
2191 2387 2446 2448 tenuerit
2466 2404 2500 2455 9

454 2485 549 2543 lex
577 2483 832 2545 Aemilia
873 2505 976 2544 eos
1018 2505 1313 2559 censoreS,
1342 2505 1598 2563 quorum
1637 2488 1699 2545 in
1739 2486 2079 2564 magistratu
2117 2489 2236 2546 lata
2271 2498 2443 2560 esset,

455 2580 595 2657 quia
623 2592 757 2657 post
786 2581 917 2642 illos
947 2602 1221 2643 censores
1250 2594 1477 2656 creatos
1508 2602 1638 2643 eam
1668 2585 1860 2660 legem
1898 2586 2153 2660 populus
2182 2583 2447 2644 iussisset

455 2682 740 2767 quodque
781 2691 1147 2756 postremum
1190 2680 1468 2753 iussisset,
1515 2680 1577 2740 id
1619 2680 1709 2739 ius
1752 2690 2063 2757 ratumque
2105 2691 2276 2753 esset,
2320 2700 2443 2741 non

455 2788 655 2837 tamen
697 2788 798 2837 aut
840 2797 905 2837 se
945 2789 1047 2837 aut
1089 2798 1295 2837 eorum
1337 2797 1722 2854 quemquam,
1755 2776 1859 2854 qui
1899 2788 2035 2854 post
2077 2797 2209 2837 eam
2251 2778 2445 2854 legem*

459 2877 639 2933 latam
668 2873 848 2934 creati
875 2894 1149 2935 censores
1179 2885 1390 2947 essent,
1423 2873 1611 2935 teneri
1649 2895 1719 2934 ea
1760 2877 1889 2951 lege
1928 2874 2208 2953 potuisse.
2294 2878 2442 2935 haec
2464 2885 2554 2953 34

457 2972 585 3030 sine
624 2970 797 3030 ullius
841 2973 1097 3031 adsensu
1136 2971 1445 3031 cavillante
1474 2972 1674 3048 Appio
1710 2974 1728 3002 ‘
1750 2974 1858 3031 en'
1888 2971 2096 3049 inquit,
2133 2971 2443 3047 ‘QuiriteS,

460 3068 614 3127 illius
644 3067 826 3146 Appii
854 3068 1183 3145 progenieS‚
1205 3068 1308 3145 qui
1335 3068 1636 3128 decemvir
1663 3068 1725 3127 in
1753 3089 1977 3129 annum
2000 3080 2230 3129 creatus
2258 3072 2444 3129 altero

457 3186 616 3226 anno
659 3186 723 3226 se
765 3165 893 3243 ipse
936 3165 1169 3239 creavit,
1203 3166 1376 3226 tertio
1418 3186 1531 3225 nec
1573 3166 1649 3226 ab
1691 3186 1754 3226 se
1792 3187 1903 3226 nec
1941 3168 2017 3227 ab
2057 3169 2180 3227 ullo
2215 3177 2445 3227 creatus

457 3263 714 3340 privatus
757 3265 944 3323 fasces
987 3274 1047 3324 et
1087 3262 1398 3340 imperium
1435 3262 1694 3323 obtinuit
1732 3284 1843 3323 nec
1872 3276 2009 3324 ante
2038 3264 2446 3325 continuando
2474 3288 2501 3324 ο

457 3360 682 3421 abstitit
724 3360 1082 3437 magistratu,
1115 3381 1296 3437 quam
1339 3362 1657 3421 obruerent
1700 3381 1837 3420 eum
1879 3364 2031 3421 male
2069 3373 2255 3439 parta,
2292 3364 2447 3422 male

458 3470 637 3536 gesta,
671 3461 824 3519 male
865 3470 1093 3519 retenta
1135 3458 1397 3535 imperia.
1484 3460 1633 3518 haec
1672 3469 1760 3518 est
1795 3461 2005 3520 eadem
2036 3460 2273 3534 familia,
2304 3459 2448 3535 Qui-
2472 3473 2503 3525 3

458 3555 610 3629 riteS‚
644 3556 811 3616 cuius
837 3556 895 3616 vi
923 3568 1102 3635 atque
1130 3554 1354 3616 iniuriis
1383 3556 1678 3633 compulsi
1701 3567 1956 3617 extorres
1985 3557 2172 3634 patria
2202 3560 2444 3617 Sacrum

459 3665 725 3715 montem
748 3653 985 3729 cepistis
1005 3676 1022 3729 3
1050 3656 1214 3727 haec,
1239 3656 1521 3715 adversus
1544 3673 1724 3728 quam
1754 3653 2134 3714 tribunicium
2163 3653 2444 3714 auxilium
