2909 4381
1385 264 1462 322 T.
1506 264 1684 322 LIVI

479 447 508 494 3
535 424 766 500 longius
809 423 1098 500 progressi
1141 423 1404 483 excivere
1445 426 1663 484 hostes.
1751 423 1959 500 palatis
1999 445 2103 501 per
2138 443 2309 501 agros
2345 445 2525 486 nemo

484 570 493 577 .
534 520 746 580 obvius
816 520 940 592 fuit,
1013 540 1151 579 cum
1221 520 1536 580 occidione
1596 519 1790 579 occidi
1853 532 2096 597 possent
2115 544 2133 594 3
2208 524 2524 582 redeuntes

530 616 766 693 agmine
829 616 1070 676 incauto
1132 618 1295 677 haud
1357 619 1564 694 procul
1627 616 1873 676 navibus
1938 617 2205 677 adsecuti
2266 631 2523 696 agrestes

530 725 815 773 exuerunt
854 716 1087 790 praeda,
1129 725 1356 790 partem
1393 713 1572 774 etiam
1617 713 1963 774 occiderunt
1982 736 1999 788 3
2041 735 2194 792 quae
2237 716 2523 792 superfuit

531 811 700 870 caedi
731 810 960 887 trepida
988 810 1309 871 multitudo
1338 812 1415 871 ad
1443 831 1625 871 naves
1654 812 1963 888 compulsa
1991 823 2095 871 est.

471 933 502 980 4
611 907 908 968 Profectio
929 909 1005 982 Q.
1030 907 1198 967 Fabii
1220 919 1379 968 trans
1400 906 1722 970 Ciminiam
1746 907 1951 967 silvam
1976 919 2267 985 quantum
2288 911 2519 970 Romae

527 1016 807 1066 terrorem
837 1007 1070 1077 fecerat,
1105 1016 1226 1065 tam
1255 1007 1472 1064 laetam
1516 1007 1734 1064 famam
1770 1004 1831 1064 in
1874 1004 2181 1064 Samnium
2209 1009 2288 1066 ad
2317 1009 2519 1067 hostes

528 1104 739 1162 tulerat
768 1102 1153 1162 interclusum
1187 1105 1529 1162 Romanum
1560 1101 1880 1162 exercitum
1912 1102 2187 1175 obsideri,
2214 1102 2518 1180 cladisque

471 1218 499 1268 5
524 1198 842 1276 imaginem
889 1201 1144 1259 furculas
1191 1192 1493 1261 Caudinas
1546 1201 1990 1260 memorabant:
2034 1202 2243 1260 eadem
2290 1200 2521 1261 temeri-

523 1307 644 1356 tate
698 1295 934 1355 avidam
992 1294 1334 1355 ulteriorum
1391 1315 1625 1373 semper
1678 1306 1917 1372 gentem
1973 1294 2035 1356 in
2092 1299 2274 1356 saltus
2327 1295 2516 1356 invios

523 1395 864 1466 deductam,
898 1404 1163 1469 saeptam
1193 1413 1317 1452 non
1345 1392 1607 1453 hostium
1639 1392 1823 1469 magis
1844 1392 2021 1453 armis
2045 1413 2225 1470 quam
2247 1396 2515 1453 locorum

468 1496 498 1544 6
523 1489 934 1567 iniquitatibus
980 1509 1126 1550 esse.
1233 1489 1351 1549 iam
1400 1490 1684 1567 gaudium
1731 1488 1953 1549 invidia
2001 1492 2261 1567 quadam
2313 1490 2515 1550 misce-

522 1588 710 1659 batur,
745 1588 909 1664 quod
940 1585 1078 1645 belli
1117 1586 1377 1646 Romani
1416 1588 1601 1646 decus
1638 1587 1716 1646 ab
1755 1586 2120 1646 Samnitibus
2160 1588 2395 1646 fortuna
2436 1589 2513 1647 ad

470 1694 496 1749 7
524 1687 805 1743 Etruscos
835 1681 1152 1742 avertisset.
1239 1682 1439 1760 itaque
1468 1683 1645 1743 armis
1666 1682 1924 1760 virisque
1945 1685 2023 1743 ad
2053 1683 2510 1761 opprimendum

522 1781 593 1843 C.
629 1780 923 1840 Marcium
966 1782 1272 1840 consulem
1311 1790 1687 1853 concurrunt,
1730 1780 1998 1858 protinus
2037 1779 2178 1840 inde
2217 1780 2510 1840 Etruriam

520 1899 623 1955 per
668 1882 900 1938 Marsos
942 1897 1014 1938 ac
1056 1877 1308 1938 Sabinos
1352 1878 1605 1955 petituri,
1648 1877 1697 1938 si
1741 1877 2003 1938 Marcius
2044 1877 2370 1939 dimicandi
2411 1899 2512 1956 po-

462 1988 492 2035 8
520 1985 792 2034 testatem
847 1994 971 2034 non
1027 1973 1214 2034 faciat.
1304 1974 1515 2035 obvius
1571 1974 1641 2034 iis
1691 1977 1901 2034 consul
1951 1974 2074 2034 fuit.
2162 1974 2508 2034 dimicatum

518 2071 743 2149 proelio
787 2070 1083 2147 utrimque
1131 2071 1317 2131 atroci
1364 2082 1558 2148 atque
1586 2070 1812 2132 incerto
1855 2082 2069 2131 eventu
2118 2081 2222 2144 est,
2270 2082 2328 2131 et
2369 2091 2507 2130 cum

515 2190 735 2248 anceps
765 2171 980 2230 caedes
1009 2167 1234 2244 fuisset,
1262 2171 1544 2231 adversae
1574 2179 1774 2230 tamen
1804 2168 1887 2230 rei
1916 2171 2073 2229 fama
2100 2167 2163 2228 in
2199 2171 2506 2229 Romanos

515 2268 687 2348 vertit
736 2267 816 2327 ob
863 2266 1113 2327 amissos
1163 2268 1459 2345 quosdam
1508 2266 1798 2344 equestris
1844 2266 2067 2327 ordinis
2117 2266 2506 2344 tribunosque

517 2363 770 2424 militum
799 2374 978 2441 atque
1007 2383 1195 2424 unum
1232 2366 1491 2441 legatum
1519 2374 1595 2436 et,
1628 2365 1792 2440 quod
1821 2361 2051 2439 insigne
2086 2362 2338 2423 maxime
2377 2362 2501 2435 fuit,

457 2484 491 2535 9
516 2461 776 2522 consulis
807 2460 990 2538 ipsius
1021 2464 1250 2522 vulnus.
1338 2461 1417 2522 ob
1446 2463 1595 2521 haec
1624 2459 1803 2520 etiam
1832 2469 2008 2519 aucta
2035 2462 2207 2532 fama,
2240 2470 2306 2519 ut
2334 2462 2506 2533 solet,

513 2557 720 2635 ingens
764 2569 948 2619 terror
991 2569 1183 2635 patres
1224 2557 1451 2631 invasit,
1507 2557 1978 2634 dictatoremque
2028 2555 2147 2617 dici
2195 2557 2503 2633 placebat3

511 2677 638 2730 nee,
673 2656 817 2735 quin
849 2658 1070 2717 Cursor
1098 2655 1365 2733 Papirius
1392 2654 1710 2727 diceretur,
1734 2653 1798 2713 in
1831 2673 1953 2730 quo
1990 2663 2120 2713 tum
2158 2673 2391 2714 summa
2419 2653 2502 2714 rei

427 2774 487 2808 10
511 2752 758 2813 bellicae
787 2753 1134 2830 ponebatur,
1167 2752 1418 2813 dubium
1448 2751 1728 2828 cuiquam
1758 2761 1897 2811 erat.
1981 2752 2087 2811 sed
2117 2770 2228 2811 nec
2256 2750 2317 2810 in
2341 2753 2502 2811 Sam-

511 2848 677 2909 nium
739 2851 1014 2909 nuntium
1074 2849 1313 2927 perferri
1376 2848 1655 2910 omnibus
1711 2847 1937 2908 infestis
1988 2858 2116 2908 tuto
2164 2867 2340 2925 posse
2387 2869 2501 2909 nec

427 2968 481 3003 11
511 2946 704 3007 vivere
761 2947 1055 3006 Marcium
1116 2949 1424 3007 consulem
1487 2945 1627 3007 satis
1693 2947 1999 3021 fidebant,
2081 2948 2227 3005 alter
2290 2949 2499 3006 consul

512 3043 731 3104 Fabius
761 3044 1006 3104 infestus
1035 3043 1306 3120 privatim
1338 3042 1574 3121 Papirio
1603 3054 1740 3103 erat.
1830 3064 1983 3121 quae
2022 3064 2098 3104 ne
2127 3043 2212 3103 ira
2239 3044 2499 3104 obstaret

510 3141 672 3200 bono
700 3140 957 3218 publico,
991 3143 1214 3217 legatos
1244 3162 1317 3202 ex
1351 3141 1750 3202 consularium
1786 3161 2036 3201 numero
2066 3141 2389 3202 mittendos
2418 3143 2496 3202 ad

424 3258 479 3293 12
508 3258 645 3298 eum
697 3250 934 3299 senatus
983 3239 1228 3313 censuit,
1278 3239 1381 3317 qui
1431 3259 1539 3300 sua
1592 3259 1834 3317 quoque
1883 3259 2041 3313 eum,
2087 3258 2209 3299 non
2258 3237 2496 3315 publica

507 3337 700 3395 solum
756 3335 1104 3396 auctoritate
1161 3346 1482 3410 moverent,
1555 3347 1621 3396 ut
1692 3335 2038 3396 memoriam
2108 3334 2494 3395 simultatium

420 3458 478 3509 13
507 3436 728 3512 patriae
768 3436 1101 3496 remitteret.
1188 3436 1436 3514 profecti
1474 3435 1650 3514 legati
1687 3437 1765 3496 ad
1807 3435 2058 3495 Fabium
2087 3454 2226 3495 cum
2255 3445 2493 3495 senatus

503 3536 845 3595 consultum
868 3533 1249 3594 tradidissent
1276 3533 1751 3611 adiecissentque
1781 3532 2108 3594 orationem
2140 3532 2493 3592 convenien-

503 3642 624 3694 tem
654 3632 965 3705 mandatis‚
1001 3635 1210 3692 consul
1257 3631 1532 3693 demissis
1574 3631 1637 3691 in
1680 3643 1892 3692 terram
1937 3631 2125 3691 oculis
2169 3630 2379 3691 tacitus
2406 3631 2485 3691 ab
