2909 4381
1341 266 1410 323 T.
1459 266 1635 323 LIVI

498 423 741 500 perpelli
789 425 1132 501 nequibant,
1181 425 1432 484 consilio
1491 427 1650 484 haud
1708 426 2063 485 abhorrente
2118 427 2195 486 ab
2240 424 2491 502 ingeniis

442 529 471 576 8
501 520 812 580 hominum
842 542 946 581 eos
974 521 1411 599 aggrediuntur.
1498 521 1595 582 die
1624 524 1776 582 festo
1804 521 1903 580 alii
1930 522 2078 582 alios
2108 542 2211 600 per
2229 522 2488 599 speciem

498 620 986 679 celebrandarum
1043 630 1220 679 cantu
1285 622 1592 697 epularum
1650 619 1901 679 invitant
1972 631 2031 680 et
2093 620 2249 692 vin0,
2324 620 2491 680 cuius

441 744 473 793 9
498 715 737 776 avidum
782 719 966 778 ferme
1007 719 1075 776 id
1108 738 1294 795 genus
1338 728 1442 790 est,
1479 729 1754 778 oneratos
1799 717 2040 796 sopiunt
2083 728 2263 794 atque
2304 717 2387 776 ita
2428 717 2490 776 in

497 814 756 890 plaustra
805 834 1019 876 somno
1065 814 1294 875 vinctos
1352 815 1657 875 coniciunt
1712 836 1783 876 ac
1840 818 2097 876 Romam
2156 816 2486 893 deportant.

497 931 609 970 nec
658 910 819 987 prius
866 931 1116 985 sensere,
1179 932 1359 989 quam
1406 912 1681 990 plaustris
1730 912 1792 971 in
1841 914 1970 973 foro
2020 912 2235 973 relictis
2282 913 2491 988 plenos

413 1036 473 1071 10
498 1011 771 1084 crapulae
814 1030 918 1071 eos
961 1013 1060 1069 lux
1104 1010 1412 1088 oppressit.
1502 1022 1645 1070 tunc
1674 1030 1997 1070 concursus
2033 1009 2240 1088 populi
2279 1011 2485 1083 factUS,

497 1104 946 1184 impetratoque,
994 1118 1060 1167 ut
1103 1119 1426 1182 manerent,
1476 1110 1699 1179 datum,
1748 1119 1813 1168 ut
1861 1107 2120 1168 triduum
2172 1107 2490 1185 quotannis

496 1204 688 1264 ornati
743 1223 880 1263 cum
939 1216 1118 1265 cantu
1177 1216 1357 1283 atque
1415 1208 1550 1279 hac,
1605 1225 1757 1282 quae
1813 1225 1973 1264 nunc
2031 1204 2332 1265 sollemnis
2382 1214 2486 1277 est,

496 1299 736 1361 licentia
804 1319 909 1377 per
977 1302 1186 1362 urbem
1258 1313 1624 1379 vagarentur,
1685 1301 2142 1379 restitutumque
2210 1300 2272 1360 in
2321 1303 2490 1361 'aede

497 1397 777 1457 vescendi
820 1397 911 1457 ius
954 1398 1041 1471 iis,
1088 1399 1192 1476 qui
1230 1398 1407 1458 sacris
1450 1399 1873 1475 praecinerent.
1957 1401 2105 1459 haec
2155 1398 2306 1459 inter
2346 1401 2491 1460 duo-

496 1513 628 1552 rum
658 1493 987 1570 ingentium
1019 1494 1309 1555 bellorum
1341 1516 1541 1555 curam
1571 1498 1936 1573 gerebantur.

401 1577 509 1668 31*
581 1592 872 1652 Consules
928 1591 1079 1653 inter
1134 1612 1198 1653 se
1255 1593 1588 1670 provincias
1653 1593 1887 1671 partiti3
1950 1593 2127 1653 Iunio
2177 1593 2488 1667 SamniteS,

446 1715 469 1748 2
498 1687 757 1748 Aemilio
800 1708 1022 1749 novum
1066 1690 1289 1749 bellum
1336 1690 1570 1749 Etruria
1612 1701 1769 1751 sorte
1808 1690 2066 1750 obvenit.
2153 1690 2216 1749 in
2246 1691 2489 1751 Samnio

500 1784 773 1845 Cluviani
823 1785 1182 1863 praesidium
1237 1789 1598 1860 Romanum,
1652 1787 1792 1864 quia
1842 1786 2186 1864 nequiverat
2234 1786 2292 1847 vi
2337 1787 2486 1865 capi,

409 1898 415 1909 ·
500 1882 812 1942 obsessum
844 1885 999 1944 fame
1028 1884 1089 1942 in
1129 1883 1498 1944 deditionem
1534 1895 1883 1960 acceperant
1922 1884 2214 1944 Samnites
2245 1884 2491 1944 verberi-

499 1978 731 2056 busque
776 1982 1020 2040 foedum
1068 1981 1128 2040 in
1189 1983 1438 2041 modurn
1496 1984 1780 2042 laceratos
1838 1981 2178 2041 occiderant
2234 1981 2484 2041 deditos

445 2093 472 2139 3
500 2075 641 2136 huic
683 2076 949 2138 infensus
991 2077 1326 2138 crudelitati
1378 2078 1604 2150 Iunius,
1648 2078 1794 2137 nihil
1840 2078 2138 2155 antiquius
2190 2097 2490 2156 oppugna-

501 2172 662 2234 tione
695 2174 967 2236 Cluviani
995 2186 1170 2250 ratuS,
1204 2196 1325 2254 quo
1355 2176 1453 2237 die
1492 2197 1795 2254 aggressus
1839 2188 1928 2237 est
1958 2176 2208 2250 moenia,
2244 2176 2301 2236 vi
2331 2174 2489 2253 cepit

440 2297 472 2343 4
498 2281 678 2348 atque
731 2289 943 2334 omnes
1009 2274 1262 2350 puberes
1329 2273 1635 2334 interfecit.
1751 2274 1892 2334 inde
1954 2273 2138 2333 victor
2205 2273 2487 2333 exercitus

502 2367 832 2427 Bovianum
877 2371 1107 2430 ductus.
1192 2382 1369 2447 caput
1413 2373 1528 2430 hoc
1572 2381 1693 2431 erat
1737 2374 2084 2430 Pentrorum
2135 2370 2486 2430 Samnitium

443 2481 472 2531 5
499 2464 676 2540 longe
704 2462 1060 2524 ditissimum
1090 2477 1269 2543 atque
1298 2468 1812 2544 opulentissimum
1841 2468 2017 2527 armis
2046 2468 2315 2545 virisque.
2384 2467 2484 2541 ibi,

500 2562 639 2638 quia
667 2564 826 2623 haud
871 2574 1100 2623 tantum
1143 2564 1357 2624 irarum
1394 2576 1533 2638 erat,
1566 2585 1670 2643 spe
1708 2568 1961 2642 praedae
2002 2566 2216 2625 milites
2248 2564 2486 2626 accensi

498 2659 721 2738 oppido
766 2661 1086 2738 potiuntur.
1174 2660 1368 2722 minus
1421 2664 1619 2738 itaque
1667 2663 1953 2722 saevitum
1999 2662 2060 2722 in
2111 2665 2310 2723 hostes
2359 2674 2489 2737 est3

497 2759 751 2835 praedae
778 2760 911 2835 plus
939 2778 1129 2836 paene
1152 2779 1331 2836 quam
1361 2779 1434 2819 ex
1454 2759 1621 2819 omni
1644 2760 1886 2820 Samnio
1909 2779 2194 2836 umquam
2217 2770 2484 2837 egestum

445 2860 476 2909 6
499 2855 873 2932 benigneque
928 2856 1122 2915 omnis
1179 2855 1351 2915 militi
1393 2876 1692 2916 concessa.
1778 2868 1838 2917 et
1881 2868 2198 2934 postquam
2247 2876 2488 2933 praepo-
2572 2868 2578 2874 '

499 2964 724 3013 tentem
778 2952 955 3011 armis
1014 2954 1355 3012 Romanum
1413 2974 1525 3014 nec
1580 2954 1736 3014 acies
1794 2954 2110 3014 subsistere
2166 2955 2319 3014 ullae
2376 2973 2488 3014 nec

498 3061 686 3110 castra
727 3069 839 3109 nec
884 3050 1059 3109 urbes
1104 3060 1393 3126 poterant,
1439 3051 1708 3112 omnium
1751 3050 2084 3128 principum
2130 3051 2192 3116 in
2243 3050 2488 3111 Samnio

500 3168 574 3207 eo
604 3166 778 3207 curae
809 3157 945 3207 sunt
974 3146 1257 3222 intentae,
1287 3158 1352 3207 ut
1381 3147 1608 3209 insidiis
1650 3159 2023 3225 quaereretur
2064 3151 2248 3223 locuS,
2280 3147 2331 3207 si
2370 3167 2489 3225 qua

496 3243 734 3305 licentia
774 3244 1102 3321 populandi
1146 3247 1363 3305 effusus
1407 3245 1694 3306 exercitus
1737 3245 1928 3323 excipi
1969 3264 2039 3305 ac
2078 3243 2487 3305 circumveniri

445 3358 472 3414 7
498 3351 714 3418 posset.
802 3344 1135 3419 transfugae
1176 3354 1432 3420 agrestes
1477 3353 1537 3402 et
1577 3341 1811 3420 captivi,
1856 3341 2100 3418 quidam
2144 3343 2310 3415 forte,
2353 3360 2487 3419 pars

498 3437 747 3499 consilio
775 3439 976 3513 oblati,
1011 3440 1393 3517 congruentia
1421 3442 1499 3500 ad
1528 3442 1835 3500 consulem
1864 3441 2214 3513 adferenteS,
2246 3458 2398 3517 quae
2427 3447 2488 3498 et

497 3556 632 3595 vera
687 3546 869 3610 erant,
927 3536 1155 3614 pecoris
1211 3537 1332 3597 vim
1377 3536 1679 3615 ingentem
1717 3536 1780 3595 in
1831 3537 2045 3596 saltum
2083 3535 2281 3595 avium
2328 3554 2487 3595 com-

495 3636 726 3712 pulsam
754 3653 900 3708 esse,
932 3620 1329 3712 perpulerunt,
1363 3645 1431 3697 ut
1465 3636 1814 3715 praedatum
1852 3653 1928 3695 eo
1965 3632 2274 3712 expeditae
2311 3633 2487 3693 duce·
