2909 4381
1273 253 1343 310 T.
1393 254 1570 311 LIVI

424 429 462 470 a
502 413 718 487 pedite,
766 432 1095 490 numquam
1133 423 1333 489 aperta
1374 413 1523 487 acie,
1571 432 1900 491 numquam
1942 412 2163 491 aequis,
2213 413 2419 491 utique

344 516 401 566 16
427 528 753 585 numquam
825 511 1038 569 nostris
1108 509 1252 569 locis
1324 510 1721 571 laboravimus
1742 534 1759 585 ς
1834 514 2097 588 equitem
2161 511 2417 588 sagittaS,

429 608 610 667 saltus
646 609 962 683 impeditos
1001 607 1131 667 avia
1173 607 1605 668 commeatibus
1644 612 1777 669 loca
1813 609 2001 685 gravis
2037 609 2214 668 armis
2251 610 2420 667 miles

342 724 401 781 17
430 704 634 764 timere
691 715 918 781 potest:
985 704 1146 765 mille
1201 705 1357 765 acies
1420 705 1714 781 graviores
1771 725 1950 782 quam
2010 707 2419 766 Macedonum

427 812 605 878 atque
661 803 981 863 Alexandri
1037 803 1244 863 avertit
1301 813 1661 880 avertetque,
1726 804 1908 862 modo
1967 802 2042 863 sit
2098 813 2418 880 perpetuus

428 899 619 973 huius,
653 919 771 976 qua
798 899 1066 973 vivimus,
1098 899 1260 977 pacis
1287 920 1456 960 amor
1489 912 1548 960 et
1576 900 1762 961 civilis
1792 920 1932 960 cura
1961 901 2334 961 concordiae.

316 1010 400 1054 20
513 999 597 1057 M.
645 998 843 1057 Folius
885 999 1160 1057 Flaccina
1198 998 1339 1057 inde
1382 1009 1442 1058 et
1482 1001 1553 1060 L.
1598 997 1862 1057 Plautius
1892 1001 2105 1058 Venox
2144 1000 2419 1059 consules

372 1122 395 1156 2
426 1094 581 1153 facti.
689 1115 762 1154 eo
819 1114 980 1154 anno
1034 1095 1112 1154 ab
1169 1095 1578 1172 frequentibus
1634 1094 1991 1155 Samnitium
2049 1095 2283 1173 populis
2340 1098 2418 1157 de

425 1191 664 1251 foedere
703 1193 1046 1252 renovando
1085 1191 1260 1267 legati
1303 1212 1441 1251 cum
1480 1204 1751 1252 senatum
1795 1194 1962 1251 humi
2004 1193 2165 1253 strati
2210 1193 2419 1253 movis-

425 1300 570 1362 sent,
645 1288 845 1349 reiecti
914 1293 992 1350 ad
1062 1292 1349 1367 populum
1421 1292 1884 1366 haudquaquam
1957 1302 2078 1351 tam
2150 1292 2417 1350 efficaces

372 1402 399 1451 3
425 1388 727 1447 habebant
772 1407 992 1465 preceS.
1097 1388 1295 1465 itaque
1352 1389 1428 1448 de
1478 1390 1717 1448 foedere
1774 1391 2091 1465 negatum3
2152 1387 2418 1448 indutiae

427 1486 671 1557 biennii,
705 1504 842 1544 cum
877 1505 982 1562 per
1016 1484 1241 1561 aliquot
1283 1483 1411 1544 dies
1450 1484 1790 1561 fatigassent
1825 1484 2086 1562 singulos
2122 1484 2419 1561 precibuS,

369 1596 402 1645 4
428 1581 788 1659 impetratae.
876 1593 934 1641 et
974 1602 1041 1641 ex
1081 1581 1299 1659 Apulia
1341 1584 1684 1641 Teanenses
1729 1580 2135 1658 Canusinique
2177 1583 2418 1658 popula-

427 1679 690 1740 tionibus
737 1679 873 1740 fessi
919 1678 1228 1741 obsidibus
1276 1682 1342 1739 L.
1398 1678 1632 1737 Plautio
1682 1677 1911 1738 consuli
1961 1678 2113 1738 datis
2149 1677 2210 1738 in
2255 1677 2419 1738 dedi-

429 1776 653 1837 tionem
686 1788 988 1839 venerunt.

375 1896 404 1947 5
511 1877 743 1935 Eodem
793 1895 954 1945 anno
1009 1875 1266 1952 primum
1322 1874 1602 1953 praefecti
1659 1876 1928 1951 Capuam
1985 1873 2165 1934 creari
2221 1872 2417 1949 coepti

427 1972 657 2048 legibus
699 1974 776 2031 ab
818 1975 883 2031 L.
918 1972 1095 2032 Furio
1133 1982 1401 2049 praetore
1426 1972 1595 2044 datis,
1629 1990 1768 2030 cum
1811 1982 2127 2048 utrumque
2169 1970 2281 2047 ipsi
2310 1990 2417 2047 pro

372 2083 406 2134 6
430 2069 694 2129 remedio
721 2068 907 2146 aegris
950 2069 1126 2128 rebus
1164 2068 1460 2129 discordia
1499 2068 1779 2128 intestina
1806 2068 2091 2146 petissent
2115 2089 2133 2143 3
2174 2080 2233 2129 et
2263 2070 2418 2129 duae

433 2167 663 2226 Romae
691 2164 929 2226 additae
959 2164 1160 2240 tribuS,
1196 2165 1485 2228 Ufentina
1511 2185 1581 2226 ac
1611 2168 1876 2227 Falerna.

378 2287 404 2341 7
511 2264 817 2324 Inclinatis
867 2266 1049 2324 semel
1092 2264 1153 2323 in
1196 2266 1413 2341 Apulia
1462 2265 1638 2325 rebus
1682 2266 1898 2324 Teates
1949 2283 2191 2342 quoque
2237 2264 2419 2341 Apuli

429 2364 507 2423 ad
553 2382 740 2422 novos
790 2363 1082 2435 consules,
1135 2363 1202 2423 C.
1259 2361 1500 2421 Iunium
1549 2361 1904 2433 Bubulcum,
1966 2364 2040 2438 Q.
2094 2361 2415 2421 Aemilium

434 2458 770 2531 Barbulam,
841 2458 1052 2517 foedus
1111 2457 1361 2534 petitum
1424 2468 1729 2529 venerunt,
1791 2456 1952 2533 pacis
2012 2477 2115 2534 per
2178 2477 2418 2517 omnem

377 2566 405 2612 8
431 2554 709 2632 Apuliam
760 2556 1148 2631 praestandae
1202 2555 1426 2630 populo
1485 2555 1762 2615 Romano
1817 2564 2104 2614 auctoreS.
2204 2554 2266 2614 id
2323 2575 2420 2614 au-

432 2655 634 2714 dacter
669 2654 1025 2730 spondendo
1065 2651 1467 2728 impetravere,
1511 2662 1577 2710 ut
1619 2653 1830 2711 foedus
1861 2653 2098 2712 daretur
2128 2670 2325 2730 neque
2354 2664 2420 2712 ut

432 2770 627 2827 aequo
650 2761 849 2809 tamen
866 2751 1122 2823 foedere,
1143 2752 1250 2810 sed
1269 2759 1333 2809 ut
1354 2748 1413 2808 in
1434 2748 1671 2809 dicione
1693 2748 1899 2827 populi
1924 2748 2181 2808 Romani
2201 2761 2416 2809 essent.

380 2879 411 2928 9
433 2846 652 2924 Apulia
693 2849 1278 2923 perdomita—nam
1325 2850 1585 2907 Forento
1627 2866 1887 2924 quoque,
1933 2845 2131 2906 valido
2173 2846 2414 2924 oppid0,

436 2943 644 3004 Iunius
673 2942 892 3020 potitus
922 2942 1188 3002 erat—in
1218 2939 1495 3004 Lucanos
1524 2954 1855 3020 perrectum
1875 2966 1893 3019 3
1941 2945 2081 3004 inde
2110 2943 2419 3020 repentino

352 3062 410 3095 10
434 3042 696 3101 adventu
726 3039 966 3099 Aemilii
995 3039 1255 3100 consulis
1286 3041 1576 3100 Nerulum
1606 3039 1665 3100 vi
1698 3052 1953 3118 captum.
2014 3052 2073 3101 et
2102 3051 2418 3117 postquam

436 3159 527 3200 res
573 3139 817 3215 Capuae
862 3136 1146 3196 stabilitas
1196 3139 1470 3196 Romana
1515 3137 1827 3214 disciplina
1874 3139 2030 3196 fama
2077 3156 2180 3214 per
2225 3136 2418 3197 socios

437 3235 710 3313 vulgavit,
742 3233 1083 3294 Antiatibus
1126 3253 1382 3312 quoque,
1415 3233 1518 3309 qui
1547 3254 1611 3293 se
1650 3234 1776 3293 sine
1805 3233 2032 3310 legibus
2072 3233 2258 3307 certiS,
2292 3234 2418 3294 sine

440 3331 872 3410 magistratibus
929 3350 1099 3408 agere
1145 3331 1557 3407 querebantur,
1618 3329 1741 3390 dati
1785 3330 1862 3389 ab
1911 3340 2118 3389 senatu
2166 3331 2244 3390 ad
2292 3330 2418 3390 iura

439 3430 753 3489 statuenda
781 3426 962 3504 ipsius
1001 3426 1270 3487 coloniae
1299 3427 1564 3504 patroni:
1607 3447 1718 3488 nec
1746 3447 1908 3486 arma
1946 3430 2130 3487 modo
2159 3429 2265 3487 sed
2295 3429 2417 3488 iura

440 3531 617 3589 etiam
651 3529 924 3585 Romana
952 3527 1067 3584 late
1095 3525 1415 3601 pollebant.
1757 3589 1764 3597 ι

350 3642 418 3685 21
524 3627 593 3686 C.
648 3622 854 3682 Iunius
901 3622 1204 3680 Bubulcus
1253 3633 1312 3681 et
1361 3624 1435 3698 Q.
1484 3621 1771 3681 Aemilius
1831 3622 2086 3680 Barbula
2140 3622 2413 3681 consules
