2909 4381
126 1664 289 1693 1111111

1303 220 1374 278 T.
1422 220 1599 278 LIVI

470 381 654 442 immo
683 382 920 443 hercule
959 383 1286 458 produntur
1323 401 1394 441 ea
1421 379 1622 441 omnia
1650 383 1849 441 deleto
1878 382 1994 440 hoc
2023 380 2295 454 exercitu,
2328 401 2452 440 non

387 498 445 547 13
470 490 786 540 servantur.
872 478 1003 555 quis
1042 481 1200 538 enim
1229 499 1300 538 ea
1339 478 1641 537 tuebitur?
1682 477 1937 538 imbellis
1965 477 2240 539 videlicet
2271 488 2452 555 atque

467 575 705 636 inermis
749 575 1082 635 multitudO.
1171 587 1291 635 tam
1332 576 1587 654 ligre-mle,
1618 595 1798 658 quam
1826 596 1864 635 a
1893 577 2195 636 Gallorum
2225 576 2450 651 impetu

383 693 442 742 14
468 672 750 733 defendit.
809 692 886 731 an
913 672 1108 732 aVeis
1137 671 1456 733 exercitum
1480 671 1918 748 Camillumque
1939 674 2156 732 ducem
2184 671 2453 748 implora·

469 770 662 829 bunt?
702 771 800 828 hic
829 789 1037 830 omnes
1067 788 1200 846 spes
1230 788 1495 846 opesque
1523 780 1676 841 sunt,
1709 789 1856 846 quas
1886 770 2175 829 servando
2203 770 2450 845 patriam

468 884 784 938 servamuS,
817 867 1098 926 dedendo
1139 868 1217 925 ad
1259 885 1471 926 necem
1510 865 1757 942 patriam
1795 865 2120 926 deserimus
2158 885 2228 925 ac
2255 864 2452 942 prodi-

388 982 442 1030 15
471 982 617 1021 mus.
708 966 820 1021 “at
859 964 1035 1023 foeda
1076 972 1254 1038 atque
1298 961 1693 1039 ignominiosa
1734 963 1963 1023 deditio
2004 964 2144 1024 est.’'
2226 965 2332 1023 sed
2380 982 2453 1024 ea

468 1059 676 1119 caritas
705 1043 926 1136 Q-triae
947 1070 1052 1131 est,
1078 1068 1144 1118 ut
1172 1068 1292 1116 tam
1316 1058 1642 1135 ignominia
1664 1078 1795 1118 eam
1819 1079 1999 1136 quam
2023 1070 2211 1119 morte
2232 1069 2448 1130 nostra,

385 1166 445 1216 16
469 1156 518 1216 si
559 1176 710 1234 opus
760 1155 850 1228 sit,
897 1175 1212 1215 servemus.
1297 1155 1578 1216 subeatur
1619 1174 1758 1232 ergo
1800 1155 1926 1228 ista,
1972 1167 2451 1232 quantacumque

469 1263 574 1324 est,
606 1251 922 1329 indignitas
965 1263 1023 1312 et
1064 1262 1334 1328 pareatur
1375 1252 1725 1325 necessitati,
1764 1272 1945 1329 quam
1986 1273 2063 1312 ne
2104 1252 2166 1312 di
2208 1252 2450 1329 quidem

470 1360 761 1425 superant.
822 1349 918 1421 ite,
944 1353 1234 1422 consuleS‚
1266 1349 1535 1421 redimite
1557 1350 1732 1409 armis
1761 1350 2075 1423 civitatem,
2101 1369 2281 1426 quam
2307 1369 2453 1409 auro

407 1457 445 1516 5
471 1446 720 1505 maiores
741 1444 916 1505 vestri
944 1446 1358 1505 redemerunt.’
1414 1448 1689 1506 consules
1711 1446 1959 1523 profecti
1980 1448 2057 1506 ad
2088 1445 2366 1505 Pontium
2390 1445 2451 1504 in

470 1541 871 1617 conloquium,
893 1561 1031 1601 cum
1055 1543 1130 1601 de
1153 1544 1392 1602 foedere
1413 1542 1600 1602 victor
1627 1543 1885 1622 agitaret,
1911 1553 2198 1621 negarunt
2226 1542 2451 1602 iniussu

470 1629 674 1716 polTuIi
716 1640 927 1698 foedus
970 1637 1094 1697 fieri
1131 1658 1306 1716 posse
1346 1659 1458 1699 nec
1491 1638 1617 1699 sine
1646 1639 1941 1700 fetialibus
1980 1639 2452 1715 caerimoniaque

372 1750 376 1754 ·
416 1752 444 1788 ο
471 1734 585 1793 alia
626 1735 911 1795 sollemni.
998 1735 1197 1813 itaque
1241 1756 1379 1807 non,
1427 1747 1495 1795 ut
1536 1737 1713 1813 vulgo
1755 1737 2006 1797 credunt
2048 1734 2460 1812 Claudiusque*

471 1831 648 1907 etia-‚m
678 1832 893 1905 scribit,
919 1834 1157 1893 foedere
1185 1853 1296 1910 pax
1321 1832 1609 1905 Caudina,
1637 1836 1743 1894 sed
1773 1855 1877 1911 per
1898 1833 2278 1923 sponsionem
2301 1835 2454 1892 facta

417 1952 446 2000 3
472 1938 576 1987 est.
662 1927 808 2003 quid
842 1927 1001 1987 enim
1040 1939 1141 1987 aut
1183 1928 1567 2005 sponsoribus
1610 1928 1672 1988 in
1708 1932 1946 1990 foedere
1979 1948 2130 2005 opus
2160 1937 2313 1987 esset
2350 1938 2453 1987 aut

470 2024 796 2097 obsidibuS,
821 2024 925 2083 ubi
953 2026 1291 2106 preche
1319 2044 1410 2084 res
1440 2025 1791 2102 transigitur,
1824 2046 1927 2103 per
1954 2043 2134 2101 quem
2162 2025 2451 2100 populum

472 2121 586 2207 fiat,
634 2132 755 2197 quo
797 2119 992 2179 minus
1034 2120 1263 2202 legibus
1304 2119 1478 2180 dictis
1528 2132 1728 2195 stetur,
1772 2131 1837 2181 ut
1878 2140 2014 2181 eum
2056 2119 2138 2180 ita
2190 2119 2455 2197 Iuppiter

415 2240 448 2290 4
471 2218 652 2289 feriat,
695 2238 872 2294 quem
915 2220 993 2293 ad
1035 2219 1282 2277 modum
1325 2239 1360 2276 a
1402 2218 1696 2279 fetialibus
1738 2238 1950 2297 porcus
1993 2217 2270 2278 feriatur?
2325 2237 2454 2294 spo-

470 2316 808 2392 ponderunt
872 2316 1162 2387 consuleS,
1233 2314 1423 2390 legati,
1484 2327 1838 2391 quaestoreS,
1900 2315 2117 2375 tribuni
2180 2314 2449 2387 militum,

471 2411 833 2488 nominaque
867 2411 1152 2483 omnium,
1195 2412 1297 2490 qui
1341 2415 1805 2488 spoponderunt,
1844 2423 2087 2485 exstant,
2130 2412 2251 2484 ubi,
2293 2412 2342 2472 si
2384 2432 2454 2471 ex

472 2510 709 2567 foedere
751 2518 882 2567 acta
922 2527 1014 2567 res
1057 2518 1227 2580 esset,
1261 2518 1671 2585 praeterquam
1713 2510 1967 2569 duorum
2010 2507 2295 2568 fetialium
2330 2529 2453 2568 non

419 2627 448 2678 5
474 2614 763 2664 exstarent
775 2627 792 2679 3
822 2615 882 2665 et
899 2616 1137 2682 propter
1159 2604 1550 2665 necessariam
1574 2605 1826 2665 foederis
1849 2605 2194 2666 dilationem
2215 2605 2452 2666 obsides

473 2702 650 2762 etiam
682 2702 935 2762 sescenti
963 2703 1192 2780 equites
1235 2703 1523 2779 imperati,
1557 2702 1658 2779 qui
1698 2702 1891 2780 capite
1919 2705 2162 2775 luerent,
2196 2703 2244 2762 si
2279 2713 2454 2780 pacto

389 2809 449 2863 '6
473 2819 596 2859 non
638 2809 898 2858 staretur.
986 2809 1218 2877 tempus
1269 2799 1410 2860 inde
1461 2810 1745 2859 statutum
1794 2800 2095 2860 tradendis
2145 2800 2453 2860 obsidibus

471 2894 846 2971 exercituque
875 2895 1082 2959 inermi
1114 2896 1424 2959 mittendo,
1485 2897 1899 2974 redintegravit
1920 2900 2144 2957 luctum
2167 2897 2228 2956 in
2252 2898 2453 2957 castris

469 2993 781 3052 consulum
810 2993 1115 3066 adventus,
1143 3009 1208 3052 ut
1235 2993 1330 3052 vix
1357 2993 1435 3054 ab
1465 2994 1535 3053 iis
1562 2994 1925 3054 abstinerent
1947 3014 2173 3068 manuS,
2198 3015 2451 3072 quorum

469 3087 798 3172 temeritate
839 3086 899 3145 in
943 3107 1080 3147 eum
1124 3090 1323 3148 locum
1366 3089 1612 3149 deducti
1661 3101 1873 3162 essent,
1922 3079 2173 3166 quorum
2223 3090 2455 3167 ignavia

418 3200 445 3256 7
471 3184 702 3247 foedius
758 3183 912 3257 inde,
974 3205 1153 3261 quam
1210 3185 1525 3259 venissent,
1576 3186 1827 3246 abituri:
1889 3186 2003 3246 illis
2058 3207 2180 3247 non
2236 3189 2452 3266 dy-cgm

470 3281 753 3352 locorum,
785 3301 907 3340 non
947 3284 1373 3358 exploratorem
1414 3282 1594 3342 fuisse
1613 3306 1630 3357 3
1672 3265 2453 3358 ϋὼῆωω-ωαᾶωθῦοὲ

415 3390 446 3439 8
469 3375 529 3435 in
560 3378 790 3436 foveam
821 3376 1048 3437 missos,
1135 3378 1232 3436 alii
1270 3379 1416 3438 alios
1447 3378 1675 3452 intueri,
1707 3379 2095 3456 contemplari
2122 3400 2283 3439 arma
2313 3402 2451 3441 mox

468 3475 755 3533 tradenda
810 3483 868 3532 et
924 3473 1179 3535 inermes
1225 3477 1446 3535 futuras
1496 3477 1729 3536 dextras
1779 3476 2155 3554 obnoxiaque
2204 3498 2451 3555 corpora

467 3572 623 3631 hosti
640 3592 660 3646 3
700 3590 1030 3648 proponere
1070 3571 1306 3632 sibimet
1345 3571 1456 3650 ipsi
1496 3583 1635 3634 ante
1663 3576 1867 3634 oculos
1908 3576 2109 3650 iugum
2145 3573 2360 3635 hostile
2388 3586 2448 3636 et
