2909 4381
1317 268 1388 327 T.
1437 266 1617 326 LIVI

473 434 583 510 gia,
630 452 751 491 non
796 433 1133 500 renuntiato
1175 433 1360 491 altero
1403 432 1643 491 comitia
1686 434 2041 505 differantur,
2088 453 2198 509 ego
2240 443 2314 504 te,
2361 433 2466 509 qui

476 532 637 590 solus
693 549 903 589 censor
959 529 1140 588 creari
1197 548 1319 588 non
1378 531 1586 605 possiS,
1647 531 1840 589 solum
1899 550 2210 589 censuram
2265 546 2463 607 gerere

390 642 453 692 26
477 631 699 704 patiar.'
783 629 932 688 haec
975 628 1232 703 taliaque
1271 646 1409 685 cum
1445 626 1702 699 dixisset,
1735 629 1945 702 prendi
1975 646 2282 687 censorem
2315 638 2374 687 et
2404 628 2463 685 in

475 726 713 787 vincula
754 725 895 787 duci
935 724 1120 785 iussit.
1206 723 1676 802 approbantibus
1726 743 1827 784 sex
1868 724 2117 784 tribunis
2166 728 2461 785 actionem

478 827 739 901 collegae
781 835 896 884 tres
937 822 1261 900 appellanti
1302 821 1503 899 Appio
1545 821 1763 882 auxilio
1798 824 2031 882 fuerunt
2048 845 2065 897 ;
2115 843 2463 901 summaque

478 921 700 981 invidia
729 920 998 981 omnium
1029 920 1306 981 ordinum
1336 922 1498 979 solus
1527 940 1836 979 censuram
1865 920 2061 996 gessit.

367 1029 453 1095 35
563 1023 724 1078 Dum
746 1040 817 1079 ea
837 1023 1069 1079 Romae
1087 1029 1382 1096 geruntur,
1404 1017 1523 1077 iarn
1547 1017 1806 1077 Sutrium
1836 1019 1912 1077 ab
1943 1018 2206 1078 Etruscis
2236 1019 2477 1079 obside-

478 1117 669 1192 batur,
691 1117 1041 1193 consulique
1072 1116 1258 1175 Fabio
1288 1115 1421 1174 imis
1451 1115 1754 1174 montibus
1784 1115 2028 1175 ducenti
2055 1117 2133 1175 ad
2162 1118 2466 1177 ferendam

477 1235 654 1291 opem
684 1214 859 1275 sociis
897 1215 1393 1290 temptandasque
1422 1212 1798 1285 munitioneS,
1834 1213 1882 1272 si
1917 1233 2035 1290 qua
2063 1226 2278 1290 posset,
2310 1214 2468 1277 acies

424 1337 447 1371 2
476 1311 739 1372 hostium'
768 1311 1053 1371 instructa
1080 1309 1332 1371 occurrit
1352 1331 1369 1384 3
1411 1329 1666 1387 quorum
1695 1308 1996 1386 ingentem
2026 1311 2462 1372 multitudinem

476 1429 615 1470 cum
679 1410 1019 1470 ostenderet
1082 1408 1348 1468 subiecta
1403 1410 1521 1469 late
1577 1408 1869 1485 planities,
1928 1412 2153 1483 consul,
2213 1422 2278 1470 ut
2332 1413 2464 1472 loco

476 1506 837 1585 paucitatem
855 1494 1096 1566 suorum
1113 1506 1430 1579 adiuvaret,
1445 1505 1628 1566 flectit
1647 1509 1953 1584 paululum
1973 1508 2033 1566 in
2052 1507 2235 1567 clivos
2254 1528 2461 1585 agmen

476 1614 788 1680 —aspreta
815 1613 981 1662 erant
1009 1613 1189 1662 strata
1209 1601 1463 1677 saxis—,
1486 1603 1627 1663 inde
1656 1605 1821 1681 signa
1849 1603 1911 1662 in
1933 1606 2166 1664 hostem
2196 1604 2462 1665 obvertit.

422 1727 451 1774 3
480 1699 715 1760 Etrusci
756 1698 1026 1760 omnium
1069 1710 1480 1776 praeterquam
1523 1699 1918 1760 multitudinis
1967 1720 2125 1775 suae,
2178 1721 2296 1778 qua
2343 1704 2469 1762 sola

478 1796 609 1858 freti
628 1806 811 1870 erant,
838 1796 1216 1857 immemores
1240 1797 1530 1874 proelium
1552 1797 1762 1858 ineunt
1779 1799 1934 1858 adeo
1962 1798 2174 1876 raptim
2197 1810 2254 1858 et
2275 1799 2462 1873 avide,

479 1904 546 1954 ut
601 1892 847 1955 abiectis
906 1893 1244 1967 missilibu5‚
1304 1915 1426 1972 quo
1484 1895 1729 1955 celerius
1796 1915 2007 1956 manus
2074 1908 2462 1971 consererent,

421 2013 454 2062 4
480 1993 830 2070 stringerent
870 1992 1098 2069 gladios
1140 1994 1423 2053 vadentes
1474 1995 1535 2052 in
1585 1995 1853 2065 hostem3
1912 1996 2221 2054 Romanus
2266 2006 2463 2054 contra

481 2110 643 2150 nunc
671 2092 788 2150 tela
816 2109 979 2149 nunc
1008 2109 1161 2164 saxa,
1188 2089 1405 2167 quibus
1435 2109 1540 2151 eos
1568 2092 1792 2166 affatim
1834 2093 2001 2151 locus
2030 2090 2157 2168 ipse
2184 2093 2465 2167 armabat,

426 2213 454 2263 5
480 2187 762 2266 ingerere.
847 2185 1022 2265 igitur
1049 2200 1217 2248 scuta
1242 2190 1567 2266 galeaeque
1606 2189 1757 2250 ictae
1792 2209 1931 2249 cum
1960 2188 2139 2249 etiam
2168 2211 2317 2268 quos
2347 2211 2465 2251 non

481 2289 929 2346 vulneraverant
957 2287 1278 2360 turbarent,
1310 2306 1509 2363 neque
1538 2285 1735 2347 subire
1764 2297 1888 2346 erat
1925 2285 2096 2347 facile
2125 2289 2203 2347 ad
2240 2288 2465 2365 propio-

482 2402 607 2443 rem
646 2401 923 2459 pugnam,
956 2402 1152 2459 neque
1191 2381 1433 2442 missilia
1470 2382 1787 2455 habebant,
1820 2382 2037 2458 quibus
2077 2383 2308 2443 eminus
2345 2405 2468 2444 rem

427 2494 458 2544 6
483 2488 790 2558 gererent3
830 2489 1051 2539 stantes
1090 2489 1152 2540 et
1188 2478 1485 2557 expositos
1513 2480 1592 2539 ad
1625 2480 1792 2552 ictuS,
1825 2499 1963 2538 cum
1998 2479 2116 2539 iam
2156 2482 2294 2539 satis
2325 2480 2466 2540 nihil

485 2589 722 2657 tegeret,
768 2578 1061 2654 quosdam
1104 2576 1282 2636 etiam
1331 2578 1548 2653 pedem
1600 2578 1916 2635 referentes
1965 2578 2468 2655 fluctuantemque

484 2688 544 2737 et
598 2675 936 2736 instabilem
991 2673 1182 2736 aciem
1238 2674 1635 2749 redintegrato
1690 2676 1948 2734 clamore
2005 2674 2217 2734 strictis
2262 2675 2468 2753 gladiis

430 2786 457 2842 7
484 2774 698 2834 hastati
740 2785 798 2833 et
840 2771 1134 2850 principes
1170 2772 1476 2832 invadunt.
1563 2790 1702 2832 eum
1741 2773 2028 2847 impetum
2059 2791 2181 2832 non
2215 2775 2470 2833 tulerunt

488 2872 719 2930 Etrusci
761 2868 1061 2945 versisque
1104 2868 1283 2945 signis
1335 2870 1474 2946 fuga
1522 2870 1705 2928 effusa
1753 2878 1943 2928 castra
1989 2880 2278 2945 repetunt.
2365 2873 2470 2930 sed

485 2969 713 3046 equites
744 2966 1004 3025 Romani
1035 2964 1329 3041 praevecti
1357 2984 1462 3041 per
1491 2966 1733 3042 obliqua
1760 2964 1955 3042 campi
1984 2986 2120 3025 cum
2152 2986 2215 3026 se
2252 2968 2472 3045 fugien-

485 3066 642 3125 tibus
685 3064 1055 3134 obtulissent,
1094 3060 1315 3121 omisso
1358 3062 1435 3121 ad
1479 3072 1667 3121 castra
1708 3061 1916 3121 itinere
1958 3073 2191 3123 montes
2227 3075 2473 3140 petunt3

432 3180 460 3225 8
488 3165 628 3222 inde
669 3159 880 3221 inermi
922 3179 1113 3236 paene
1154 3160 1389 3235 agmine
1430 3177 1502 3217 ac
1543 3168 1753 3218 vexato
1791 3158 2130 3219 vulneribus
2167 3160 2228 3219 in
2266 3160 2471 3221 silvam

489 3258 808 3321 Ciminiam
831 3266 1223 3334 penetratum.
1276 3258 1586 3314 Romanus
1609 3255 1807 3315 multis
1831 3255 2068 3316 milibus
2089 3259 2469 3318 Etruscorum

488 3354 693 3429 caesiS‚
743 3351 1335 3429 duodequadraginta
1383 3350 1563 3428 signis
1619 3351 1967 3412 militaribus
2017 3355 2218 3429 captis,
2271 3354 2473 3414 castris

490 3452 667 3512 etiam
709 3449 970 3510 hostium
1007 3468 1144 3507 curn
1180 3450 1397 3525 praeda
1430 3447 1656 3524 ingenti
1697 3447 1933 3525 potitur.
2020 3460 2148 3509 tum
2180 3453 2257 3511 de
2285 3471 2473 3528 perse-

490 3551 732 3627 quendo
762 3550 933 3605 hoste
960 3544 1161 3620 agitari
1189 3556 1484 3621 coeptum.

376 3650 467 3727 36
575 3647 731 3708 Silva
759 3654 879 3705 erat
910 3641 1166 3704 Ciminia
1194 3641 1377 3718 magis
1407 3652 1533 3700 tum
1565 3639 1721 3701 invia
1747 3653 1926 3719 atque
1954 3645 2262 3717 horrenda,
2295 3664 2473 3722 quam
