2909 4381
678 239 786 295 AB
829 239 1054 294 VRBE
1098 237 1486 297 CONDITA
1530 238 1684 295 LIB.
1734 239 1839 294 IX.
1895 241 1982 309 16,
2034 256 2100 311 17

405 397 818 457 Praenestinus
846 407 1078 475 praetor
1106 417 1209 474 per
1237 398 1510 458 timorem
1547 397 1781 474 segnius
1819 418 1890 458 ex
1929 398 2205 458 subsidiis
2249 415 2387 457 suos
2418 409 2476 465 17

404 496 648 553 duxerat
694 494 755 552 in
800 495 1050 570 primam
1106 495 1336 568 aciem3
1394 515 1572 571 quem
1631 516 1766 555 curn
1825 495 2198 555 inambulans
2251 505 2390 554 ante

407 591 849 650 tabernaculum
901 591 1093 650 vocari
1151 591 1428 664 iussisset,
1477 592 1742 651 lictorem
1794 592 2068 668 expedire
2124 611 2389 651 securem

403 685 586 758 iussit,
631 688 708 746 ad
748 707 927 762 quam
970 707 1177 746 vocem
1221 687 1475 749 exanimi
1519 698 1710 747 stante
1755 688 2171 747 Praenestino:
2232 693 2390 765 ‘age·
2422 699 2477 746 18

405 784 566 855 dum,
626 782 809 854 lictor,
864 783 1069 843 excide
1119 786 1375 844 radicem
1425 786 1613 843 hanc'
1664 784 1854 860 inquit
1914 784 2389 845 ‘incommodam

404 879 878 939 ambulantibus'
934 882 1355 957 perfusumque
1411 880 1603 938 ultimi
1660 880 1931 957 supplicii
1987 892 2149 940 metu
2207 883 2393 941 multa

405 975 564 1035 dicta
605 975 845 1035 dimisit.
931 977 1092 1035 haud
1134 976 1316 1035 dubie
1359 976 1458 1034 illa
1499 987 1709 1049 aetate,
1751 995 1870 1052 qua
1911 979 2073 1036 nulla
2110 977 2390 1037 virtutum
2419 998 2478 1048 19

406 1072 650 1132 feracior
703 1072 828 1145 fuit,
880 1093 1059 1132 nemo
1110 1093 1262 1132 unus
1311 1084 1432 1133 erat
1478 1073 1580 1146 vir,
1639 1093 1760 1150 quo
1806 1073 1990 1150 magis
2047 1073 2245 1132 innixa
2300 1093 2392 1133 res

408 1172 682 1229 Romana
710 1180 902 1230 staret.
989 1169 1133 1247 quin
1177 1191 1314 1230 eum
1353 1191 1555 1248 parem
1594 1173 1892 1230 destinant
1930 1171 2141 1230 animis
2176 1191 2392 1248 magno

407 1268 744 1326 Alexandro
794 1269 1026 1338 ducem,
1076 1267 1124 1326 si
1179 1287 1342 1326 arma
1390 1267 1536 1327 Asia
1583 1267 1915 1344 perdomita
1972 1268 2031 1326 in
2091 1271 2390 1347 Europam

407 1362 686 1422 vertisset.

489 1459 653 1518 Nihil
699 1460 894 1519 minus
945 1460 1278 1537 quaesitum
1323 1481 1360 1520 a
1407 1460 1698 1538 principio
1745 1461 1917 1520 huius
1967 1460 2159 1538 operis
2208 1461 2392 1520 videri
2417 1476 2480 1536 17

409 1567 617 1633 potest,
672 1576 850 1633 quam
901 1568 965 1615 ut
1010 1561 1140 1634 plus
1188 1558 1342 1616 iusto
1398 1559 1477 1619 ab
1527 1578 1718 1617 rerum
1769 1560 1976 1617 ordine
2032 1557 2390 1619 declinarem

408 1653 902 1731 varietatibusque
971 1653 1390 1731 distinguendo
1461 1675 1639 1731 opere
1709 1666 1767 1713 et
1835 1654 2165 1731 legentibus
2234 1657 2394 1714 velut

409 1750 765 1811 deverticula
818 1771 1071 1810 amoena
1127 1761 1186 1810 et
1241 1749 1505 1826 requiem
1562 1750 1763 1809 animo
1821 1769 1956 1808 meo
2015 1769 2394 1825 quaererem3

411 1857 608 1907 tamen
658 1847 801 1906 tanti
861 1848 1010 1925 regis
1066 1868 1135 1907 ac
1191 1847 1359 1907 ducis
1411 1846 1652 1920 menti0‚
1701 1845 1915 1923 quibus
1972 1865 2148 1921 saepe
2203 1845 2393 1904 tacitis
2421 1865 2444 1899 2

411 1942 864 2019 cogitationibus
907 1943 1165 2004 volutavi
1203 1945 1487 2015 animum,
1530 1961 1628 2002 eas
1668 1953 1874 2001 evocat
1913 1941 1973 2000 in
2010 1941 2288 2013 medium,
2327 1952 2395 2000 ut

411 2060 687 2117 quaerere
736 2041 932 2115 libeat,
985 2042 1227 2119 quinam
1274 2053 1519 2101 eventus
1568 2039 1856 2098 Romanis
1906 2040 2096 2111 rebuS‚
2152 2039 2201 2097 si
2255 2059 2393 2098 curn

411 2139 748 2199 Alexandro
777 2140 926 2199 foret
955 2139 1253 2211 bellatum,
1288 2139 1515 2198 futurus
1546 2137 1732 2198 fuerit.
1797 2135 2114 2213 plurimum
2144 2135 2205 2194 in
2235 2137 2395 2196 bello
2420 2153 2448 2201 3

412 2236 631 2311 pollere
678 2234 951 2294 videntur
996 2233 1248 2293 militum
1298 2234 1471 2309 copia
1521 2244 1579 2293 et
1623 2234 1819 2304 virtuS,
1872 2232 2105 2309 ingenia
2153 2232 2398 2309 impera-

413 2343 626 2407 torum,
664 2335 899 2391 fortuna
941 2352 1044 2409 per
1081 2330 1281 2390 omnia
1324 2333 1600 2404 humana,
1639 2330 1892 2389 maxime
1935 2329 1996 2387 in
2035 2348 2125 2388 res
2155 2329 2396 2388 bellicas

412 2440 659 2507 potens:
722 2448 792 2488 ea
837 2439 896 2487 et
937 2428 1165 2503 singula
1206 2427 1460 2485 intuenti
1503 2438 1561 2485 et
1606 2426 1892 2499 universa,
1944 2425 2095 2484 sicut
2141 2425 2219 2483 ab
2267 2425 2450 2496 aliis4

412 2526 644 2603 regibus
693 2524 1101 2602 gentibusque,
1155 2525 1235 2584 ita
1282 2526 1360 2584 ab
1417 2526 1532 2583 hoc
1589 2545 1825 2601 quoque
1874 2525 2043 2582 facile
2101 2534 2397 2598 praestant

412 2622 697 2681 invictum
739 2625 1081 2682 Romanum
1119 2620 1445 2697 imperium.
1533 2621 1649 2679 iam
1688 2620 1961 2697 primum,
2002 2629 2068 2678 ut
2097 2619 2289 2679 ordiar
2317 2619 2394 2678 ab
2420 2644 2447 2693 5

414 2719 666 2779 ducibus
689 2718 1118 2796 comparandiS,
1152 2721 1311 2778 haud
1334 2718 1612 2795 equidem
1635 2718 1836 2776 abnuo
1859 2715 2154 2794 egregium
2178 2719 2393 2776 ducem

366 2842 374 2851 ·
415 2816 593 2875 fuisse
638 2817 1080 2889 Alexandrum3
1135 2818 1240 2875 sed
1280 2815 1586 2874 clariorem
1627 2824 1827 2873 tamen
1866 2834 2002 2872 eum
2040 2814 2194 2886 facit,
2232 2815 2397 2890 quod

415 2933 569 2972 unus
606 2913 731 2985 fuit,
775 2914 939 2989 quod
977 2913 1326 2971 adulescens
1366 2912 1426 2970 in
1466 2912 1832 2971 incremento
1872 2931 2082 2982 rerum,
2124 2913 2394 2970 nondum

413 3011 656 3068 alteram
685 3011 980 3069 fortunam
1019 3019 1313 3087 expertus,
1361 3009 1630 3068 decessit.
1718 3019 1783 3067 ut
1818 3008 1964 3067 alios
2004 3028 2166 3084 reges
2205 3010 2393 3067 claros
2419 3014 2450 3064 6

415 3110 718 3184 ducesque
766 3108 1052 3178 omittam,
1113 3126 1325 3182 magna
1373 3109 1641 3182 exempla
1689 3125 1933 3165 casuum
1977 3106 2391 3175 humanorum,

417 3206 654 3281 Cyrum,
695 3222 873 3280 quem
914 3201 1167 3261 maxime
1205 3202 1417 3261 Graeci
1457 3202 1730 3261 laudibus
1765 3201 2081 3273 celebrant,
2110 3200 2255 3276 quid
2284 3200 2395 3259 nisi

416 3304 591 3377 longa
632 3299 766 3371 vita,
808 3298 958 3358 sicut
999 3300 1288 3374 Magnum
1328 3300 1510 3358 modo
1551 3297 1918 3374 Pompeium,
1961 3296 2209 3357 vertenti
2238 3317 2396 3373 prae-

417 3398 546 3458 buit
599 3399 915 3458 fortunae?
996 3415 1333 3455 recenseam
1389 3397 1571 3454 duces
1637 3397 1961 3465 RomanOS,
2023 3413 2133 3455 nec
2188 3413 2395 3454 omnes
2424 3414 2451 3466 7

418 3495 684 3555 omnium
737 3493 1034 3565 aetatium,
1081 3494 1186 3551 sed
1236 3492 1394 3569 ipsos
1437 3512 1557 3565 θος,
1601 3512 1738 3552 cum
1788 3490 2003 3567 quibus
2053 3490 2395 3550 consulibus

417 3605 518 3652 aut
567 3591 950 3653 dictatoribus
999 3592 1335 3649 Alexandro
1381 3589 1489 3648 fuit
1539 3590 1897 3661 bellandum,
1954 3590 2037 3646 M.
2092 3586 2388 3646 Valerium
2418 3602 2447 3648 8
