2909 4381
1319 256 1389 313 T.
1432 257 1611 315 LIVI

393 417 456 468 16
478 412 709 473 diversa
737 424 949 491 petunt
968 436 986 488 3
1026 414 1234 492 ingens
1264 416 1585 478 multitudo
1613 417 1674 476 in
1704 438 1891 477 unum
1921 429 2081 478 metu
2112 419 2469 496 conglobata

393 528 450 582 17
476 530 548 570 ac
591 522 779 571 semet
827 512 1016 589 ipsam
1059 515 1232 573 turba
1279 514 1611 592 impediens
1661 515 1721 574 in
1764 516 1964 576 medio
2006 537 2191 576 caesa.
2279 527 2469 576 castra

477 608 740 668 hostium
759 620 932 687 capta
954 609 1300 688 direptaque
1320 633 1338 686 3
1380 632 1633 689 quorum
1663 615 1881 690 praeda
1908 624 2189 674 onustum
2220 612 2466 673 militem

479 704 541 764 in
573 708 850 765 Romana
878 718 1068 767 castra
1094 707 1347 768 dictator
1376 709 1619 783 reducit,
1646 712 2108 787 haudquaquam
2139 721 2259 769 tam
2289 709 2467 770 victo-

478 801 563 861 ria
579 804 814 875 laetum,
839 824 1018 880 quam
1041 807 1205 881 quod
1233 817 1462 882 praeter
1482 807 1752 884 exiguam
1769 810 2158 868 deformatam
2188 805 2467 866 incendio

481 910 706 976 partem
736 911 930 960 cetera
959 913 1164 962 contra
1192 923 1359 980 spem
1390 906 1551 964 salva
1580 904 1821 965 invenit.

379 1013 456 1071 24
562 999 661 1056 Ad
691 1000 896 1057 Soram
927 997 1068 1058 inde
1097 999 1352 1059 reditum
1372 1022 1390 1074 3
1430 1000 1690 1078 novique
1718 1003 2013 1075 consules,
2038 1003 2122 1059 M.
2151 999 2462 1071 PoeteliUS,

485 1094 551 1155 C.
586 1093 879 1171 Sulpicius
909 1095 1230 1157 exercitum
1264 1097 1342 1157 ab
1384 1097 1672 1157 dictatore
1712 1098 1899 1158 Fabio
1928 1097 2227 1175 accipiunt
2255 1116 2467 1174 magna

484 1202 648 1268 parte
677 1203 943 1252 veterum
972 1193 1227 1253 militum
1256 1193 1502 1256 dimissa
1535 1195 1824 1272 novisque
1862 1195 2207 1256 cohortibus
2245 1194 2308 1253 in
2336 1215 2466 1272 sup-

432 1311 456 1345 2
484 1290 849 1363 plementum
879 1289 1168 1349 adductiS.
1255 1301 1517 1350 ceterum
1546 1312 1684 1351 cum
1703 1302 1951 1375 ‚propter
1978 1291 2276 1352 difficilem
2306 1289 2466 1350 urbis

484 1384 663 1444 situm
706 1405 817 1446 nec
856 1387 1242 1464 oppugnandi
1281 1388 1420 1448 satis
1449 1400 1608 1449 certa
1646 1389 1794 1449 ratio
1832 1389 2074 1451 iniretur
2111 1400 2170 1449 et
2197 1399 2299 1449 aut
2327 1399 2467 1448 tem-

428 1499 457 1561 3
483 1501 627 1559 pore
655 1483 979 1560 longinqua
1005 1494 1108 1543 aut
1136 1504 1417 1562 praeceps
1447 1486 1712 1563 periculo
1741 1485 1982 1546 victoria
2010 1498 2178 1559 esset,
2211 1488 2466 1546 Soranus

482 1581 781 1657 transfuga
808 1583 962 1640 clam
985 1601 1056 1641 ex
1077 1582 1302 1659 oppido
1324 1585 1639 1661 profectuS,
1671 1603 1808 1644 cum
1837 1585 1914 1643 ad
1933 1582 2135 1660 vigiles
2159 1586 2465 1644 Romanos

484 1688 861 1755 penetrasset,
887 1678 1026 1739 duci
1055 1699 1119 1739 se
1148 1683 1445 1758 extemplo
1468 1683 1546 1740 ad
1574 1682 1847 1743 consules
1869 1680 2035 1740 iubet
2057 1682 2462 1756 deductusque

427 1790 460 1839 4
484 1773 832 1835 traditurum
856 1777 1063 1837 urbem
1093 1777 1396 1854 promittit.
1458 1777 1616 1837 visus
1645 1777 1806 1852 inde,
1828 1797 1966 1837 cum
1998 1797 2257 1854 quonam
2282 1778 2463 1837 modo

484 1871 546 1931 id
607 1884 1002 1949 praestaturus
1059 1886 1213 1935 esset
1269 1885 1721 1951 percunctantes
1786 1876 2043 1946 doceret,
2103 1875 2263 1934 haud
2318 1892 2467 1932 vana

484 1970 728 2041 adferre,
760 1969 1028 2046 perpulit,
1060 1989 1244 2047 prope
1286 1971 1566 2031 adiuncta
1608 1970 1922 2031 moenibus
1966 1973 2241 2031 Romana
2281 1981 2464 2028 castra

431 2079 458 2128 5
487 2075 551 2124 ut
580 2084 681 2125 sex
710 2064 871 2125 milia
891 2067 967 2126 ab
992 2067 1215 2144 oppido
1237 2078 1709 2128 removerentur:
1740 2069 1881 2140 fore,
1901 2077 1967 2127 ut
1985 2066 2177 2126 minus
2207 2065 2465 2126 intentae

485 2161 548 2223 in
591 2163 922 2228 custodiam
966 2163 1126 2225 urbis
1168 2163 1414 2225 diurnae
1458 2164 1740 2225 stationes
1781 2184 1851 2225 ac
1889 2174 2212 2226 nocturnae
2240 2161 2467 2241 vigiliae

487 2271 700 2321 essent.
788 2262 914 2338 ipse
942 2262 1276 2339 insequenti
1311 2274 1489 2323 nocte
1518 2264 1629 2323 sub
1670 2262 1894 2340 oppido
1930 2261 2288 2322 silvestribus
2322 2261 2465 2321 locis

488 2357 832 2419 cohortibus
862 2358 1117 2424 insidere
1145 2360 1316 2419 iussis
1345 2361 1554 2420 decem
1595 2359 1809 2418 milites
1844 2360 2105 2418 delectos
2135 2378 2336 2418 secum
2365 2377 2470 2435 per

488 2456 673 2514 ardua
712 2474 783 2521 ac
825 2474 1010 2532 prope
1052 2455 1209 2514 invia
1250 2454 1311 2514 in
1353 2475 1547 2515 arcem
1598 2455 1779 2527 ducit,
1824 2454 2089 2532 pluribus
2135 2474 2312 2531 quam
2363 2474 2468 2531 pro

437 2555 466 2603 6
490 2571 739 2611 numero
774 2550 1030 2610 virorum
1073 2550 1390 2611 missilibus
1434 2550 1564 2612 telis
1607 2571 1680 2612 eo
1722 2550 2009 2625 conlatis3
2055 2553 2133 2611 ad
2175 2553 2291 2610 hoc
2333 2571 2468 2610 saxa

490 2659 656 2708 erant
698 2660 757 2708 et
799 2658 1019 2708 temere
1062 2647 1328 2721 iacentia,
1360 2659 1426 2708 ut
1469 2650 1535 2708 fit
1576 2648 1638 2706 in
1680 2648 1940 2724 aspretis,
1978 2659 2036 2708 et
2074 2650 2152 2708 de
2185 2647 2469 2707 industria

441 2754 466 2806 7
490 2744 684 2819 etiam,
718 2765 839 2822 quo
880 2747 1046 2806 locus
1090 2746 1269 2807 tutior
1310 2756 1480 2818 esset,
1523 2746 1600 2806 ab
1635 2744 1948 2823 oppidanis
1986 2756 2280 2820 congesta.
2367 2745 2468 2804 ubi

490 2862 628 2901 cum
651 2841 1048 2902 constituisset
1071 2846 1378 2902 Romanos
1401 2842 1791 2919 semitamque
1819 2852 2127 2917 angustam
2150 2851 2208 2901 et
2226 2843 2468 2902 arduam

492 2950 746 2998 erectam
810 2960 882 2999 ex
943 2938 1168 3015 oppido
1223 2940 1284 2997 in
1339 2959 1536 2999 arcem
1594 2938 1965 3010 ostendisset,
2023 2940 2171 2998 ‘hoc
2228 2938 2468 3015 quidem

491 3024 740 3096 ascensu
760 3037 774 3063 '
815 3035 1008 3111 inquit
1060 3037 1185 3095 ‘vel
1235 3046 1349 3095 tres
1397 3035 1605 3096 armati
1655 3035 1981 3112 quamlibet
2031 3034 2470 3095 multitudinem

440 3142 470 3189 8
491 3133 783 3195 arcuerint
801 3154 818 3207 3
859 3152 964 3192 vos
993 3143 1052 3192 et
1081 3134 1290 3192 decem
1320 3152 1568 3192 numero
1597 3142 1672 3205 et,
1706 3133 1869 3209 quod
1904 3133 2037 3208 plus
2075 3142 2177 3205 est,
2212 3131 2470 3191 Romani

496 3235 1024 3306 Romanorumque
1067 3228 1365 3288 fortissimi
1393 3228 1501 3288 viri
1542 3228 1718 3303 estis3
1760 3238 1819 3287 et
1860 3230 2026 3290 locus
2067 3248 2174 3306 pro
2206 3228 2375 3288 vobis
2413 3239 2472 3288 et

492 3349 611 3388 nox
661 3328 784 3401 erit,
828 3346 980 3403 quae
1030 3326 1230 3385 omnia
1277 3346 1348 3385 ex
1402 3325 1627 3385 incerto
1677 3324 1897 3384 maiora
1943 3324 2152 3385 territis
2197 3334 2467 3385 ostentat.

494 3445 605 3501 ego
640 3424 757 3484 iam
793 3435 1009 3483 terrore
1044 3423 1245 3483 omnia
1280 3422 1582 3498 implebo3
1630 3442 1735 3481 vos
1771 3441 1965 3480 arcem
2001 3421 2211 3481 intenti
2240 3423 2472 3481 tenete)

439 3534 468 3582 9
496 3521 752 3582 decurrit
794 3522 950 3593 inde,
996 3531 1220 3597 quanto
1270 3519 1524 3579 maxime
1573 3528 1802 3595 poterat
1849 3537 1986 3578 cum
2039 3520 2309 3589 tumultu,
2360 3520 2471 3578 ‘ad

496 3639 658 3680 arma
680 3621 726 3679 l’
781 3629 841 3678 et
888 3622 1026 3695 ‘pro
1067 3627 1318 3677 vestram
1370 3617 1572 3689 fidem,
1622 3615 1817 3685 civeS,'
1858 3614 2164 3673 clamitans
2217 3619 2348 3673 ‘arx
2395 3615 2471 3673 ab

473 3788 508 3818 r
