2909 4381
646 289 751 346 AB
795 289 1022 346 VRBE
1068 289 1457 349 CONDITA
1498 290 1656 350 LIB.
1705 291 1809 348 IX.
1862 307 1951 367 25,
2002 294 2074 349 26

369 468 617 526 usquam
675 450 932 512 coissent
988 451 1466 513 coniurassentve
1521 454 1800 513 adversus
1856 473 1979 513 rem
2035 452 2352 530 publicam,

367 547 569 623 quaeri
612 559 881 609 senatum
926 549 1204 625 iussisse3
1264 561 1324 610 et
1365 551 1653 611 coitiones
1694 554 1989 612 honorum
2032 550 2356 628 adipiscen-
2378 562 2411 612 9

367 647 581 705 dorum
609 667 789 707 causa
817 650 1000 707 factas
1029 651 1309 709 adversus
1337 669 1463 709 rem
1491 650 1794 727 publicam
1837 669 1980 710 esse.
2067 649 2356 726 latiorque

367 754 427 803 et
474 763 535 803 re
580 755 639 805 et
687 744 954 822 personis
1004 746 1272 822 quaestio
1320 746 1463 819 fieri,
1515 748 1677 807 haud
1724 748 2025 807 abnuente
2069 747 2357 808 dictatore

369 840 495 901 sine
524 843 643 902 fine
682 845 802 901 ulla
830 843 1192 919 quaestionis
1221 864 1362 904 suae
1389 843 1480 903 ius
1509 864 1655 904 esse.
1741 845 2190 921 postulabantur
2217 863 2357 920 ergo
2384 861 2446 897 10

368 938 598 998 nobiles
678 939 952 1000 homines
1027 941 1581 1019 appellantibusque
1651 941 1919 1001 tribunos
1988 960 2167 1000 nemo
2235 950 2358 999 erat

368 1036 600 1109 auxilio,
654 1037 799 1113 quin
849 1037 1093 1097 nomina
1137 1038 1550 1116 reciperentur.
1635 1038 1776 1099 inde
1825 1038 2116 1111 nobilitaS,
2164 1057 2275 1097 nec
2318 1036 2358 1095 ii
2386 1061 2440 1094 11

370 1135 569 1207 modo,
622 1133 684 1192 in
731 1154 881 1211 quos
938 1135 1162 1195 crimen
1219 1136 1652 1209 intendebatur,
1712 1138 1819 1196 sed
1874 1135 2129 1196 universi
2184 1134 2360 1194 simul

372 1251 582 1307 negare
625 1231 917 1291 nobilium
961 1232 1024 1292 id
1065 1232 1288 1292 crimen
1340 1252 1486 1305 esse,
1533 1234 1750 1309 quibus
1794 1232 1842 1291 si
1891 1234 2052 1291 nulla
2094 1232 2361 1292 obstetur

369 1330 590 1401 fraude,
649 1340 848 1406 pateat
895 1330 990 1388 via
1036 1331 1116 1390 ad
1170 1332 1477 1403 honorem,
1527 1332 1633 1390 sed
1682 1332 1995 1390 hominum
2048 1349 2355 1390 novorum.

371 1426 530 1503 ipsos
578 1428 733 1487 adeo
777 1427 1125 1488 dictatorem
1176 1427 1638 1506 magistrumque
1683 1427 1951 1506 equitum
2000 1447 2131 1487 reos
2176 1426 2360 1505 magis
2387 1444 2442 1479 12

371 1544 550 1600 quam
575 1524 935 1601 quaesitores
965 1525 1216 1586 idoneos
1239 1525 1363 1586 eius
1392 1525 1653 1586 criminis
1683 1546 1812 1586 esse
1840 1525 2360 1603 intellecturosque

372 1623 452 1680 ita
509 1623 569 1682 id
625 1641 771 1694 esse,
834 1621 1010 1682 simul
1079 1622 1419 1700 magistratu
1473 1623 1756 1683 abissent.
1873 1633 2000 1682 tum
2058 1622 2360 1683 enimvero
2389 1645 2446 1692 13

374 1718 667 1790 Maenius,
701 1720 818 1778 iarn
848 1721 1041 1779 famae
1071 1719 1255 1796 magis
1284 1739 1465 1795 quam
1493 1718 1724 1796 imperii
1753 1738 1996 1791 memor,
2022 1738 2361 1794 progressus

372 1817 434 1875 in
476 1816 820 1876 contionem
862 1817 945 1878 ita
985 1818 1166 1877 verba
1205 1816 1379 1877 fecit:
1437 1821 1530 1877 ‘et
1572 1835 1781 1876 omnes
1823 1826 1962 1875 ante
2002 1826 2169 1875 actae
2210 1815 2364 1875 vitae
2395 1837 2454 1887 14

374 1935 477 1975 vos
507 1915 779 1975 conscios
818 1916 1031 1988 habe0,
1080 1914 1355 1991 QuiriteS,
1398 1925 1458 1974 et
1495 1913 1594 1974 hic
1628 1913 1755 1993 ipse
1790 1915 1983 1974 honos
2023 1914 2252 1973 delatus
2285 1913 2365 1972 ad

376 2034 471 2073 me
504 2013 668 2074 testis
707 2024 797 2074 est
838 2013 1217 2074 innocentiae
1260 2033 1465 2087 meae3
1521 2032 1717 2091 neque
1759 2011 1935 2085 enim,
1983 2013 2147 2090 quod
2189 2030 2366 2089 saepe

375 2111 531 2184 alias,
573 2110 714 2187 quia
748 2110 829 2170 ita
867 2121 1136 2188 tempora
1176 2110 1558 2187 postulabant
1599 2108 1683 2169 rei
1724 2108 2016 2186 publicae,
2063 2107 2165 2185 qui
2207 2108 2366 2168 bello

375 2208 729 2269 clarissimus
758 2220 929 2282 esset,
962 2211 1069 2269 sed
1099 2208 1203 2285 qui
1245 2208 1500 2268 maxime
1538 2209 1744 2285 procul
1773 2206 1850 2266 ab
1879 2206 1971 2265 his
2006 2205 2365 2265 coitionibus

375 2306 555 2366 vitam
597 2306 830 2382 egisset,
870 2304 1121 2365 dictator
1158 2304 1508 2382 deligendus
1542 2302 1885 2365 exercendis
1919 2301 2366 2380 quaestionibus

378 2403 501 2463 fuit.
583 2406 689 2464 sed
711 2403 994 2481 quoniam
1025 2401 1269 2481 quidam
1300 2402 1530 2462 nobiles
1560 2400 2035 2478 homines—qua
2063 2401 2140 2461 de
2168 2420 2360 2474 causa,
2392 2425 2452 2475 15

380 2521 482 2561 vos
520 2500 848 2561 existimare
884 2521 1065 2579 quam
1109 2519 1207 2562 me
1248 2520 1355 2578 pro
1398 2499 1738 2577 magistratu
1781 2499 2101 2577 quicquam
2145 2498 2366 2558 incom-

378 2611 606 2676 pertum
631 2598 827 2659 dicere
855 2598 1065 2659 melius
1087 2598 1515 2675 est—primum
1543 2597 1700 2675 ipsas
1722 2617 2056 2674 expugnare
2078 2596 2367 2673 quaestio-
2396 2610 2455 2659 16

378 2717 483 2757 nes
528 2696 693 2756 omni
742 2716 858 2773 ope
904 2695 1098 2757 adnisi
1146 2706 1300 2768 sunt,
1352 2695 1510 2768 dein,
1559 2705 1877 2772 postquam
1921 2694 1998 2753 ad
2048 2692 2109 2753 id
2159 2711 2363 2768 parum

378 2805 650 2871 potentes
679 2805 859 2867 erant,
890 2814 966 2854 ne
1008 2814 1247 2854 causam
1286 2792 1566 2864 dicerent,
1598 2793 1661 2851 in
1690 2790 1981 2868 praesidia
2013 2788 2368 2850 adversario-

379 2912 526 2964 rum,
557 2891 1014 2968 appellationem
1048 2901 1108 2951 et
1146 2888 1528 2952 tribunicium
1566 2888 1867 2962 auxilium,
1895 2887 2123 2966 patricii
2166 2890 2367 2949 confu—
2397 2908 2453 2963 ιγ

378 2998 601 3066 gerunt,
648 2999 949 3065 postremo
987 2988 1204 3066 repulsi
1246 2987 1624 3048 inde—adeo
1665 2985 1868 3046 omnia
1908 2985 2142 3059 tutiora,
2185 3005 2364 3062 quam

380 3096 445 3145 ut
483 3085 885 3146 innocentiam
934 3105 1100 3145 suam
1148 3095 1477 3162 purgarent,
1516 3083 1784 3144 visa—in
1825 3102 1935 3142 nos
1978 3084 2266 3141 irruerunt
2308 3091 2367 3141 et

382 3182 616 3260 privatis
659 3181 1006 3242 dictatorem
1049 3201 1294 3258 poscere
1336 3201 1501 3241 reum
1545 3178 1936 3241 verecundiae
1980 3197 2102 3238 non
2134 3176 2263 3252 fuit,
2301 3188 2366 3237 ut
2398 3190 2453 3238 18

382 3300 590 3342 omnes
645 3279 708 3340 di
764 3281 1156 3355 hominesque
1221 3278 1409 3338 sciant
1463 3277 1542 3337 ab
1601 3277 1714 3337 illis
1773 3276 1969 3348 etiam,
2029 3295 2182 3352 quae
2243 3294 2364 3336 non

382 3377 626 3455 possint,
677 3375 965 3453 temptari,
1015 3395 1094 3436 ne
1141 3375 1430 3435 rationem
1473 3374 1624 3434 vitae
1667 3375 1934 3446 reddant,
1986 3392 2083 3432 me
2127 3371 2366 3432 obviam

382 3474 465 3534 ire
494 3472 723 3533 crimini
751 3484 811 3533 et
838 3473 1043 3533 offerre
1073 3492 1169 3532 me
1197 3470 1449 3531 inimicis
1480 3491 1663 3544 reum,
1689 3470 1979 3531 dictatura
2007 3489 2105 3528 me
2130 3469 2363 3529 abdica

382 3591 488 3632 vos
531 3589 770 3647 quaeSO,
813 3571 1104 3643 consuleS,
1149 3569 1198 3629 si
1239 3568 1409 3629 vobis
1450 3570 1659 3628 datum
1700 3568 1778 3628 ab
1812 3578 2021 3627 senatu
2062 3565 2364 3642 negotium
2397 3583 2452 3634 19

383 3667 573 3741 fuerit,
629 3667 692 3727 in
748 3686 845 3726 me
897 3666 1154 3745 primum
1209 3677 1268 3727 et
1323 3668 1484 3725 hunc
1543 3668 1629 3724 M.
1699 3664 1935 3725 Folium
1990 3662 2366 3739 quaestiones

984 3767 987 3770 '
2144 3770 2182 3807 D
2208 3771 2231 3805 2
