2909 4381
659 264 730 322 T.
770 265 956 323 LIVI
1001 266 1109 322 AB
1153 264 1381 322 VRBE
1423 261 1814 325 CONDITA
1860 266 2015 323 LIB.
2065 267 2173 323 IX.
2217 268 2295 336 46

476 433 645 500 gesto
689 421 1283 500 triumviratibusque,
1343 433 1638 483 nocturno
1694 426 1893 496 altem,
1953 427 2139 484 altero
2195 423 2465 484 coloniae

420 533 453 580 4
478 520 885 580 deducendae.
973 530 1251 593 ceterum,
1286 519 1349 579 id
1379 521 1544 596 quod
1573 522 1735 580 haud
1754 519 2064 597 discrepat,
2090 519 2465 580 contumacia

474 619 756 677 adversus
799 627 1250 677 contemnentes
1292 616 1690 677 humilitatem
1710 636 1895 676 suam
1925 616 2157 677 nobiles
2187 616 2469 692 certavit3

420 736 449 787 5
476 715 647 776 civile
684 715 793 790 iuS,
838 715 1163 794 repositum
1204 715 1267 775 in
1318 715 1718 792 penetralibus
1761 715 2128 792 pontificum,
2174 718 2465 794 evulgavit

475 816 777 891 fastosque
805 814 961 873 circa
990 816 1182 873 forum
1212 813 1276 872 in
1304 813 1444 874 albo
1474 815 1802 891 proposuit,
1831 824 1912 886 ut,
1945 815 2189 890 quando
2217 817 2346 892 lege
2367 813 2463 892 agi

418 930 450 981 6
475 921 691 987 posset,
726 910 970 970 sciretur
992 931 1011 984 3
1052 911 1265 970 aedem
1291 909 1667 971 Concordiae
1695 908 1757 968 in
1785 929 1920 969 area
1950 909 2205 969 Vulcani
2233 930 2466 971 summa

472 1006 696 1067 invidia
744 1006 1036 1067 nobilium
1093 1006 1429 1081 dedicavit3
1491 1019 1851 1085 coactusque
1909 1027 2203 1068 consensu
2260 1009 2466 1084 populi

477 1104 791 1166 Cornelius
838 1106 1126 1165 Barbatus
1169 1105 1435 1181 pontifex
1480 1103 1771 1163 maximus
1820 1107 2000 1165 verba
2048 1104 2287 1183 praeire,
2327 1125 2464 1165 curn

428 1240 434 1246 ·
474 1220 641 1259 more
670 1199 960 1259 maiorum
989 1210 1229 1277 negaret
1256 1199 1367 1260 nisi
1397 1202 1706 1260 consulem
1726 1211 1828 1260 aut
1849 1201 2264 1280 imperatorem
2287 1221 2464 1278 posse

421 1320 448 1374 7
473 1299 764 1374 templum
794 1299 1065 1357 dedicare.
1152 1297 1352 1374 itaque
1394 1317 1467 1358 ex
1507 1296 1855 1358 auctoritate
1899 1310 2137 1359 senatus
2173 1301 2356 1358 latum
2384 1301 2463 1360 ad

472 1397 760 1472 populum
792 1403 896 1466 est,
929 1414 1006 1454 ne
1035 1394 1168 1472 quis
1203 1396 1493 1472 templum
1535 1413 1771 1455 aramve
1809 1395 2038 1456 iniussu
2078 1407 2317 1456 senatus
2358 1406 2462 1455 aut

414 1502 443 1549 8
469 1491 842 1551 tribunorum
873 1491 1071 1568 plebei
1099 1490 1278 1570 partis
1309 1490 1547 1551 maioris
1582 1491 1900 1552 dedicaret.
1986 1494 2148 1552 haud
2178 1512 2465 1553 memora-

468 1587 650 1648 bilem
680 1608 804 1648 rem
836 1608 942 1666 per
971 1608 1051 1662 se,
1081 1587 1195 1648 nisi
1236 1590 1665 1649 documentum
1706 1589 1781 1649 sit
1813 1591 2095 1650 adversus
2124 1588 2462 1667 superbiam

412 1711 444 1761 9
469 1684 762 1744 nobilium
794 1684 1062 1762 plebeiae
1098 1684 1398 1758 libertatiS,
1432 1688 1694 1745 referam.
1782 1688 1861 1746 ad
1904 1689 2193 1762 collegam
2222 1706 2462 1764 aegrum

469 1781 701 1842 visendi
747 1802 924 1842 causa
969 1781 1202 1842 Flavius
1244 1802 1383 1842 curn
1418 1781 1676 1843 venisset
1714 1803 2128 1860 consensuque
2170 1782 2462 1843 nobilium

471 1879 959 1953 adulescentium,
993 1879 1095 1956 qui
1124 1879 1209 1940 ibi
1235 1879 1608 1954 adsidebant,
1633 1881 2041 1941 adsurrectum
2064 1880 2119 1941 ei
2137 1901 2261 1941 non
2289 1892 2458 1953 esset,

472 1979 736 2036 curulem
792 1975 1006 2037 adferri
1062 1978 1267 2036 sellam
1316 1996 1390 2037 eo
1439 1976 1607 2037 iussit
1655 1997 1726 2037 ac
1775 1979 1851 2039 de
1897 1980 2040 2039 sede
2089 1977 2331 2037 honoris
2370 1977 2461 2036 sui

384 2102 444 2136 10
469 2073 674 2133 anxios
704 2072 929 2133 invidia
957 2072 1230 2132 inimicos
1260 2075 1562 2151 spectavit.
1646 2084 1907 2134 ceterum
1939 2072 2206 2134 Flavium
2238 2073 2462 2134 dixerat

469 2169 722 2231 aedilem
752 2169 1001 2231 forensis
1030 2169 1224 2243 factio,
1256 2173 1371 2249 Ap.
1405 2169 1643 2232 Claudii
1678 2190 1928 2232 censura
1954 2169 2105 2231 vires
2135 2179 2325 2243 nacta,
2357 2169 2460 2248 qui

470 2278 740 2328 senatum
786 2267 1010 2345 primus
1066 2266 1473 2327 libertinorum
1523 2266 1659 2328 filiis
1708 2268 1875 2328 lectis
1921 2268 2333 2346 inquinaverat
2380 2279 2456 2340 et,

383 2389 441 2425 11
470 2375 857 2443 posteaquam
888 2384 1020 2424 eam
1049 2364 1367 2425 lectionem
1397 2384 1577 2425 nemo
1605 2375 1790 2424 ratam
1820 2365 2029 2425 habuit
2056 2385 2168 2425 nec
2197 2365 2257 2424 in
2298 2364 2461 2424 curia

471 2464 722 2541 adeptus
752 2474 873 2523 erat
895 2482 1041 2540 quas
1064 2462 1309 2541 petierat
1331 2482 1493 2540 opeS‚
1519 2462 1759 2523 urbanis
1783 2462 2105 2522 humilibus
2124 2481 2228 2538 per
2250 2482 2458 2521 omnes

387 2586 442 2621 12
474 2560 658 2621 tribus
682 2559 884 2620 divisis
914 2563 1107 2620 forum
1136 2569 1196 2621 et
1223 2579 1503 2638 campum
1532 2558 1808 2637 corrupit.
1894 2568 2244 2635 tantumque
2275 2557 2459 2617 Flavii

472 2657 713 2718 comitia
741 2657 1105 2737 indignitatis
1134 2658 1487 2730 habuerunt,
1520 2667 1585 2717 ut
1621 2656 1885 2735 plerique
1927 2654 2217 2715 nobilium
2247 2658 2458 2714 anulos

385 2776 445 2824 13
469 2775 678 2816 aureos
729 2766 788 2816 et
833 2758 1102 2833 phaleras
1147 2757 1534 2832 deponerent.
1621 2774 1693 2813 ex
1736 2774 1809 2814 eo
1866 2764 2132 2829 tempore
2187 2751 2249 2811 in
2306 2754 2455 2812 duas

470 2862 662 2928 partes
719 2851 988 2912 discessit
1043 2850 1282 2912 civitas:
1344 2852 1507 2912 aliud
1563 2851 1788 2929 integer
1834 2852 2107 2927 populuS,
2160 2852 2352 2909 fautor
2400 2860 2459 2909 et

384 2970 446 3021 14
469 2950 660 3008 cultor
719 2948 1031 3021 bonorum,
1098 2947 1260 3009 aliud
1326 2947 1575 3009 forensis
1644 2947 1823 3008 factio
1883 2947 2193 3019 tendebat,
2264 2948 2459 3007 donec

470 3046 545 3119 Q.
578 3043 796 3105 Fabius
827 3055 886 3105 et
917 3047 981 3103 P.
1018 3043 1239 3104 Decius
1279 3064 1554 3105 censores
1589 3044 1749 3118 facti,
1777 3054 1837 3104 et
1868 3043 2085 3104 Fabius
2116 3043 2291 3103 simul
2322 3064 2459 3104 con-

467 3141 703 3202 cordiae
753 3162 944 3215 causa,
999 3140 1172 3201 simul
1223 3162 1300 3202 ne
1344 3140 1810 3201 humillimorum
1861 3140 1923 3200 in
1979 3161 2159 3200 manu
2216 3141 2456 3200 comitia

469 3248 682 3311 essent,
714 3259 956 3299 ornnem
985 3240 1279 3298 forensem
1310 3239 1543 3298 turbam
1575 3248 1864 3298 excretam
1886 3236 1947 3295 in
1970 3246 2247 3314 quattuor
2269 3237 2454 3297 tribus

383 3357 444 3409 15
470 3334 724 3396 coniecit
793 3335 1167 3411 urbanasque
1236 3355 1335 3395 eas
1390 3335 1723 3412 appellavit.
1810 3337 2083 3411 adeoque
2139 3354 2270 3394 eam
2328 3354 2452 3394 rem

467 3444 773 3509 acceptam
815 3432 991 3510 gratis
1028 3433 1241 3493 animis
1279 3435 1490 3506 ferunt,
1524 3444 1589 3493 ut
1625 3431 1874 3492 Maximi
1903 3451 2252 3509 cognomen,
2287 3432 2451 3508 quod

465 3539 554 3589 tot
594 3528 849 3590 victoriis
892 3550 1013 3589 non
1057 3540 1377 3608 pepererat,
1424 3532 1538 3589 hac
1577 3528 1853 3589 ordinum
1892 3527 2318 3605 temperatione
2357 3549 2456 3606 pa-

463 3639 628 3688 reret.
714 3628 792 3687 ab
856 3629 1069 3687 eodem
1140 3627 1474 3688 institutum
1544 3626 1772 3700 dicitur,
1831 3637 1897 3687 ut
1956 3626 2184 3704 equites
2253 3626 2453 3688 idibus

465 3725 865 3800 Quinctilibus
896 3727 1420 3785 transveherentur.
