2909 4381
1356 265 1430 323 T.
1476 263 1653 322 LIVI

517 425 753 486 ordines
782 425 1051 502 peditum
1094 446 1199 503 per
1236 445 1412 499 arma,
1447 445 1552 503 per
1581 442 1828 500 corpora
1856 421 2162 482 evaserint.
2248 439 2319 479 ea
2346 418 2507 477 velut

517 544 672 584 nova
713 522 862 582 inter
904 525 1090 583 fessos
1134 534 1333 583 exorta
1375 523 1530 583 acies
1575 520 1830 581 turbavit
1872 519 2038 597 signa
2081 521 2508 587 Etruscorum;

461 638 492 688 9
515 631 718 680 secuta
746 620 964 680 deinde
985 619 1273 697 impetum
1296 640 1521 692 eorum,
1547 630 1871 695 utcumque
1889 618 2123 676 adfecta
2144 625 2281 687 erat,
2314 623 2508 673 cetera

435 743 494 777 10
520 716 838 778 multitudo
882 719 1124 778 tandem
1168 717 1495 796 perrumpit
1537 715 1774 776 ordines
1815 713 2093 773 hostium.
2179 722 2322 771 tunc
2352 708 2506 769 vinci

516 814 838 892 pertinacia
879 827 1093 892 coepta
1134 828 1192 876 et
1233 816 1417 876 averti
1459 812 1747 892 manipuli
1789 810 2050 889 quidam,
2093 820 2167 883 et,
2214 819 2279 868 ut
2324 808 2506 867 semel

430 936 488 972 11
517 913 737 972 dedere
793 923 969 990 terga,
1028 913 1207 973 etiam
1258 912 1568 973 certiorem
1615 929 1920 988 capessere
1969 910 2188 985 fugam.
2272 906 2370 966 ille
2398 903 2508 982 pri-

517 1030 683 1069 mum
714 1009 840 1069 dies
869 1012 1105 1069 fortuna
1125 1020 1323 1070 vetere
1351 1009 1727 1068 abundantes
1749 1009 2132 1066 Etruscorum
2152 1003 2321 1081 fregit
2342 1021 2503 1079 opeS.

443 1113 457 1127 ⁸
518 1127 757 1168 caesum
807 1107 869 1166 in
917 1106 1060 1181 acie,
1109 1108 1273 1184 quod
1323 1105 1553 1168 roboris
1597 1105 1744 1179 fuit;
1791 1114 1981 1165 castra
2023 1104 2238 1162 eodem
2280 1101 2506 1178 impetu

515 1214 689 1280 capta
717 1202 1080 1280 direptaque.

391 1311 493 1376 40
600 1299 731 1359 Pari
775 1300 1030 1360 subinde
1073 1300 1336 1378 periculo
1377 1299 1716 1377 gloriaeque
1760 1310 1973 1358 eventu
2006 1299 2229 1358 bellum
2257 1295 2318 1355 in
2349 1296 2509 1354 Sam-

518 1396 741 1456 nitibus
776 1408 916 1469 erat,
957 1397 1061 1473 qui
1109 1408 1339 1474 praeter
1386 1408 1615 1458 ceteros
1667 1396 1805 1457 belli
1852 1407 2182 1473 apparatuS,
2237 1404 2303 1453 ut
2351 1392 2508 1452 acies

467 1520 493 1554 2
521 1513 629 1553 sua
656 1495 901 1570 fulgeret
929 1492 1099 1552 novis
1127 1513 1425 1553 armorum
1456 1492 1802 1570 insignibus,
1836 1495 2118 1553 fecerunt.
2203 1493 2327 1551 duo
2356 1511 2511 1550 exer-

521 1590 672 1650 citus
701 1599 904 1664 erant3
946 1601 1113 1649 scuta
1134 1590 1370 1650 alterius
1392 1610 1554 1664 auro,
1580 1591 1817 1650 alterius
1841 1601 2083 1667 argento
2101 1591 2474 1648 caelaverunt
2494 1609 2512 1661 3

519 1690 708 1747 forma
750 1697 873 1746 erat
907 1686 1092 1747 scuti:
1138 1707 1439 1748 summum
1481 1687 1679 1761 latius,
1716 1708 1834 1765 qua
1869 1698 2076 1765 pectus
2114 1696 2295 1763 atque
2324 1684 2512 1745 umeri

520 1795 813 1861 teguntur,
858 1783 1090 1862 fastigio
1132 1784 1404 1861 aequali3
1459 1786 1537 1845 ad
1584 1784 1770 1845 imum
1821 1784 2126 1845 cuneatior
2167 1781 2511 1844 mobilitatis

467 1905 496 1954 3
522 1901 714 1941 causa.
803 1881 1050 1959 spongia
1079 1882 1304 1959 pectori
1332 1893 1762 1959 tegumentum,
1785 1893 1845 1942 et
1867 1882 2166 1942 sinistrum
2185 1900 2317 1941 crus
2340 1900 2513 1940 ocrea

522 1988 785 2053 tectum3
824 1981 1027 2055 galeae
1070 1978 1356 2052 cristatae,
1388 1999 1545 2056 quae
1583 1979 1844 2058 speciem
1888 1978 2281 2056 magnitudini
2309 1997 2513 2054 corpo-

521 2096 653 2136 rum
707 2077 1010 2136 adderent.
1097 2076 1334 2138 tunicae
1388 2077 1606 2138 auratis
1655 2077 1940 2137 militibus
1987 2074 2386 2149 versicolores,
2430 2095 2515 2134 ar-

523 2173 774 2252 gentatis
816 2173 1033 2235 linteae
1074 2174 1382 2237 candidae.
1470 2173 1562 2237 his
1605 2176 1876 2236 dextrum
1919 2194 2105 2235 cornu
2146 2174 2390 2249 datum3
2430 2171 2515 2233 illi

467 2299 501 2348 4
524 2273 587 2331 in
630 2272 865 2332 sinistro
908 2272 1256 2335 consistunt.
1344 2284 1522 2334 notus
1557 2272 1675 2333 iam
1721 2272 2010 2333 Romanis
2039 2282 2353 2350 apparatus
2382 2270 2517 2331 insi-

526 2369 732 2447 gnium
760 2388 1057 2428 armorum
1087 2371 1290 2444 fuerat,
1323 2370 1609 2447 doctique
1646 2389 1684 2429 a
1720 2369 1975 2430 ducibus
2005 2379 2170 2429 erant
2209 2368 2511 2428 horridum

527 2465 775 2525 militem
825 2484 953 2525 esse
1002 2466 1236 2540 debere,
1286 2487 1409 2528 non
1469 2469 1758 2527 caelatum
1805 2485 1950 2526 auro
1997 2475 2056 2525 et
2100 2475 2360 2541 argento,
2409 2465 2515 2524 sed

474 2587 502 2636 5
527 2565 679 2625 ferro
720 2574 781 2624 et
820 2563 1034 2624 animis
1076 2566 1330 2641 fretum3
1371 2564 1595 2644 quippe
1636 2564 1737 2624 illa
1776 2565 2058 2641 praedam
2099 2563 2290 2624 verius
2335 2582 2515 2641 quam

528 2681 690 2722 arma
732 2681 876 2734 esse,
909 2662 1157 2723 nitentia
1197 2674 1334 2723 ante
1376 2683 1517 2737 rem,
1551 2662 1840 2723 deformia
1880 2660 2031 2722 inter
2074 2661 2419 2739 sanguinem
2459 2672 2518 2720 et

474 2767 507 2817 6
530 2762 772 2819 vulnera
793 2781 810 2834 3
853 2758 1126 2820 virtutem
1155 2780 1286 2821 esse
1315 2760 1515 2821 militis
1544 2762 1746 2832 decuS,
1777 2770 1838 2820 et
1865 2759 2067 2820 omnia
2094 2759 2193 2819 illa
2212 2758 2516 2819 victoriam

534 2854 703 2932 sequi
730 2866 790 2915 et
817 2856 1003 2915 ditem
1042 2858 1275 2917 hostem
1316 2857 1586 2934 quamvis
1621 2856 1893 2935 pauperis
1922 2856 2157 2917 victoris
2191 2856 2517 2934 praemium

482 2973 509 3029 7
534 2973 680 3014 esse.
787 2952 878 3011 his
925 2954 1144 3013 Cursor
1188 2954 1435 3014 vocibus
1499 2954 1808 3014 instinctos
1854 2954 2067 3014 milites
2114 2953 2174 3013 in
2230 2955 2519 3031 proelium

535 3050 716 3112 ducit.
804 3051 1009 3110 dextro
1050 3049 1177 3128 ipse
1219 3071 1404 3111 cornu
1442 3051 1728 3125 consistit,
1759 3051 1992 3112 sinistro
2029 3051 2308 3129 praefecit
2346 3050 2522 3127 magi-

481 3155 512 3204 8
537 3159 722 3207 strum
773 3147 1061 3224 equitum.
1145 3147 1319 3207 simul
1377 3159 1467 3208 est
1523 3168 1894 3221 concursum,
1955 3148 2161 3226 ingens
2217 3148 2327 3208 fuit
2382 3168 2517 3208 cum

538 3247 710 3305 hoste
738 3254 1053 3317 certamen,
1086 3265 1210 3304 non
1248 3244 1484 3322 segnius
1524 3245 1676 3305 inter
1712 3245 2060 3306 dictatorern
2092 3256 2151 3306 et
2180 3244 2520 3322 magistrum

482 3359 514 3409 9
539 3341 827 3419 equitum,
855 3342 933 3401 ab
962 3353 1091 3402 utra
1118 3353 1283 3421 parte
1312 3342 1557 3403 victoria
1586 3342 1884 3421 inciperet.
1957 3343 2115 3421 prior
2135 3344 2284 3403 forte
2315 3342 2522 3403 Iunius

540 3439 865 3501 commovit
921 3442 1171 3514 hostem,
1228 3444 1399 3502 laevo
1457 3443 1727 3502 dextrum
1784 3461 1985 3513 cornu,
2047 3451 2303 3502 sacratos
2361 3461 2523 3501 more

541 3537 892 3600 Samnitium
922 3537 1135 3598 milites
1171 3559 1364 3616 eoque
1406 3539 1664 3600 candida
1691 3549 1851 3599 veste
1893 3550 1953 3599 et
1990 3541 2227 3616 paribus
2267 3542 2524 3599 candore

543 3635 718 3697 armis
747 3634 1021 3713 insignes
1110 3649 1230 3695 eos·
1256 3656 1319 3695 se
1361 3637 1522 3697 Orco
1566 3649 1822 3696 mactare
1849 3636 2056 3696 Iunius
2086 3637 2362 3697 dictitans
2387 3657 2521 3697 cum
