2909 4381
1355 277 1429 335 T.
1474 277 1652 336 LIVI

432 454 493 502 14
515 430 741 493 invadit
768 436 1077 495 clamitans
1108 455 1406 495 summum
1437 435 1723 512 flagitium
1755 439 1893 509 fore,
1928 438 1975 496 si
2014 438 2261 496 alterurn
2291 434 2500 495 exerci-

513 540 640 589 tum
672 531 976 609 utriusque
1005 532 1282 593 victoriae
1318 544 1661 611 compotem
1700 534 1957 594 sinerent
1999 533 2124 594 fieri
2165 554 2276 593 nec
2317 534 2395 592 ad
2437 552 2501 592 se

428 649 485 700 15
511 626 603 686 sui
631 627 772 687 belli
802 628 1170 690 vindicarent
1198 632 1399 691 decus,
1488 651 1606 708 qua
1634 630 1923 708 impetum
1953 632 2212 703 dederat,
2245 650 2501 707 perrum-

509 722 597 799 pit
624 723 935 803 aciemque
964 746 1068 804 per
1098 726 1356 787 mediam
1396 727 1459 786 in
1488 738 1678 787 castra
1716 727 1978 788 hostium
2007 726 2198 787 tendit
2227 738 2285 786 et
2315 746 2499 786 vacua

426 833 485 884 16
509 823 919 883 defensoribus
975 824 1133 901 capit
1160 870 1165 875 1
1197 835 1377 902 atque
1432 824 1714 884 incendit.
1825 844 1978 901 quae
2033 823 2136 883 ubi
2197 822 2495 900 flagrantia

511 919 851 981 Marcianus
875 923 1044 981 miles
1073 921 1381 998 conspexit
1410 933 1470 982 et
1513 924 1715 981 hostes
1754 941 2077 998 respexere,
2111 932 2237 981 tum
2277 921 2497 998 passim

506 1019 643 1095 fuga
671 1030 884 1095 coepta
914 1018 1269 1079 Samnitium
1293 1019 1456 1094 fieri3
1498 1021 1604 1079 sed
1634 1019 1835 1079 omnia
1864 1019 2094 1079 obtinet
2121 1022 2351 1093 caedeS,
2384 1041 2496 1081 nec

422 1133 480 1187 17
506 1113 567 1172 in
596 1117 776 1175 ullam
806 1125 1033 1192 partem
1073 1126 1266 1175 tutum
1296 1115 1628 1194 perfugium
1658 1127 1761 1176 est.
1848 1116 1966 1175 iam
1996 1115 2230 1194 triginta
2258 1117 2495 1178 milibus

505 1211 765 1271 hostium
810 1212 996 1273 caesis
1039 1213 1274 1291 signum
1316 1214 1581 1290 receptui
1622 1217 1898 1274 consules
1941 1216 2227 1274 dederant
2264 1214 2495 1292 collige·

504 1307 767 1384 bantque
808 1309 871 1368 in
914 1329 1100 1369 unum
1144 1309 1345 1386 copias
1388 1309 1450 1368 in
1488 1309 1681 1370 vicem
1723 1309 1875 1370 inter
1913 1329 1976 1371 se
2012 1320 2322 1387 gratanteS‚
2355 1329 2492 1369 cum

503 1417 746 1481 repente
776 1405 933 1466 visae
974 1410 1178 1484 procul
1221 1406 1484 1466 hostium
1527 1426 1717 1467 novae
1746 1409 2037 1480 cohortes,
2070 1427 2224 1484 quae
2260 1406 2323 1466 in
2362 1427 2493 1485 sup-

422 1513 483 1563 18
505 1503 872 1578 plementum
912 1502 1164 1581 scriptae
1205 1506 1450 1577 fuerant,
1489 1504 1849 1582 integravere
1892 1507 2154 1565 caedem.
2241 1504 2304 1563 in
2346 1525 2492 1581 quas

504 1618 616 1658 nec
645 1598 806 1660 iussu
835 1602 1148 1660 consulum
1179 1620 1290 1661 nec
1313 1601 1483 1678 signo
1509 1612 1758 1678 accepto
1786 1601 2037 1661 victores
2066 1603 2306 1675 vadunt,
2334 1604 2491 1661 malo

420 1717 477 1769 19
503 1695 775 1756 tirocinio
797 1698 1193 1758 imbuendum
1217 1698 1545 1759 Samnitem
1570 1698 1955 1759 clamitanteS.
2025 1698 2333 1774 indulgent
2356 1718 2491 1758 con-

502 1798 658 1856 sules
700 1796 1000 1874 legionum
1030 1796 1242 1870 ardori,
1275 1808 1341 1857 ut
1379 1797 1482 1875 qui
1512 1798 1697 1874 probe
1732 1796 1948 1857 scirent
1985 1816 2208 1857 novum
2244 1796 2490 1857 militem

489 1892 763 1953 ‘hostium
786 1895 936 1953 inter
954 1882 1267 1970 ‘perculsos
1290 1896 1426 1972 fuga
1447 1904 1756 1954 veteranos
1784 1914 1862 1954 ne
1881 1894 2229 1971 temptando
2248 1893 2488 1970 quidem

325 2038 328 2040 ψ
417 2017 479 2052 20
502 1990 641 2050 satis
671 1989 978 2050 certamini
1012 1992 1153 2050 fore.
1239 2010 1351 2051 nec
1381 2009 1484 2050 eos
1515 1989 1718 2067 opinio
1747 1989 1951 2050 fefellit
1970 2012 1988 2064 3
2029 2010 2237 2050 omnes
2267 1990 2489 2050 Samni-

499 2087 649 2147 tium
691 2086 914 2165 copiae,
962 2097 1186 2148 veteres
1228 2106 1554 2164 novaeque,
1603 2096 1836 2146 montes
1877 2085 2173 2163 proximos
2223 2088 2360 2162 fuga
2401 2106 2489 2144 ca-

499 2185 686 2264 piunt.
754 2205 826 2245 eo
856 2196 915 2246 et
945 2186 1223 2245 Romana
1250 2183 1487 2263 erigitur
1514 2182 1686 2257 acies,
1720 2204 1831 2245 nec
1861 2182 2181 2261 quicquam
2210 2182 2349 2243 satis
2378 2186 2486 2244 tuti

497 2284 614 2345 loci
641 2283 809 2343 victis
839 2294 944 2357 est,
970 2294 1028 2343 et
1058 2284 1135 2343 de
1157 2282 1323 2359 iugiS,
1349 2302 1504 2359 quae
1526 2293 1819 2359 ceperant,
1845 2283 2209 2356 funduntur3
2251 2281 2488 2358 iamque

414 2406 472 2443 21
498 2403 618 2442 una
665 2401 813 2441 voce
862 2399 1071 2442 omnes
1127 2399 1336 2457 pacem
1395 2379 1693 2456 petebant.
1798 2390 1925 2438 tum
1981 2378 2157 2438 trium
2214 2397 2487 2438 mensum

496 2483 794 2539 frumento
822 2477 1111 2554 imperato
1140 2488 1199 2537 et
1227 2496 1429 2537 annuo
1460 2475 1756 2552 stipendio
1782 2495 1853 2535 ac
1876 2474 2118 2552 singulis
2147 2474 2209 2533 in
2238 2473 2484 2534 militem

413 2597 469 2633 υ
498 2575 711 2637 tunicis
767 2577 845 2635 ad
902 2584 1175 2635 senatum
1231 2573 1394 2650 pacis
1451 2584 1711 2633 oratores
1768 2572 1945 2631 missi.
2054 2570 2367 2634 Cornelius
2423 2571 2483 2630 in

494 2674 737 2735 Samnio
767 2672 1000 2733 relictus
1021 2693 1039 2746 3
1081 2670 1343 2732 Marcius
1371 2673 1449 2731 de
1481 2668 1759 2730 Hernicis
1788 2669 2156 2746 triumphans
2184 2668 2247 2728 in
2275 2670 2482 2729 urbem

497 2772 685 2845 rediit,
732 2782 1043 2848 statuaque
1087 2768 1374 2847 equestris
1424 2768 1488 2827 in
1533 2770 1662 2828 foro
1710 2769 1947 2827 decreta
1996 2778 2105 2841 est,
2147 2787 2300 2844 quae
2344 2778 2483 2827 ante

410 2888 470 2934 23
497 2871 786 2946 templum
823 2869 1084 2929 Castoris
1127 2865 1320 2943 posita
1363 2876 1469 2927 est.
1556 2863 1957 2925 Hernicorum
2000 2863 2185 2924 tribus
2226 2863 2478 2942 populiS,

498 2964 807 3027 Aletrinati
837 2966 1140 3023 Verulano
1185 2961 1562 3035 Ferentinati,
1596 2961 1735 3040 quia
1777 2964 2110 3021 maluerunt
2139 2981 2319 3039 quam
2346 2961 2482 3021 civi-

498 3074 697 3135 tatem,
731 3081 870 3121 suae
914 3063 1071 3137 leges
1111 3059 1394 3134 redditae,
1426 3058 1874 3137 conubiumque
1912 3058 2063 3119 inter
2101 3058 2279 3136 ipsos,
2315 3060 2480 3135 quod

408 3178 468 3227 24
495 3156 860 3236 aliquamdiu
892 3156 1002 3215 soli
1026 3155 1428 3216 Hernicorum
1458 3155 1810 3229 habuerunt,
1834 3155 2200 3232 permissum.
2287 3158 2479 3233 Anag-

496 3257 652 3318 ninis
688 3255 909 3332 quique
943 3274 1105 3313 arma
1135 3253 1425 3314 Romanis
1462 3253 1779 3313 intulerant
1820 3252 2025 3313 civitas
2060 3252 2188 3312 sine
2222 3253 2477 3331 suffragii

497 3355 716 3416 latione
752 3354 904 3427 data,
938 3351 1190 3412 concilia
1227 3351 1605 3429 conubiaque
1643 3352 1923 3427 adempta
1951 3361 2009 3410 et
2045 3349 2475 3427 magistratibus

494 3463 901 3532 praeterquam
933 3468 1231 3509 sacrorum
1263 3447 1567 3510 curatione
1595 3446 1990 3507 interdictum.

406 3567 468 3616 25
579 3550 814 3611 Eodem
856 3566 1016 3607 anno
1058 3549 1234 3607 aedes
1277 3545 1493 3606 Salutis
1531 3565 1565 3605 a
1600 3546 1667 3606 C.
1704 3544 1879 3605 Iunio
1916 3545 2189 3606 Bubulco
2231 3565 2474 3606 censore

489 3652 683 3710 locata
711 3657 815 3720 est,
842 3664 1022 3723 quam
1050 3646 1259 3704 consul
1286 3645 1445 3704 bello
1470 3641 1821 3704 Samnitium
1840 3654 2094 3703 voverat.
2152 3644 2228 3704 ab
2258 3645 2473 3703 eodem

488 3751 833 3823 collegaque
867 3744 994 3803 eius
1029 3744 1116 3801 M.
1150 3740 1385 3801 Valerio
1426 3739 1694 3800 Maximo
1724 3739 1852 3800 viae
1889 3760 1993 3817 per
2030 3760 2198 3815 agros
2233 3740 2470 3817 publica
