2909 4381
653 300 755 357 AB
799 298 1028 356 VRBE
1072 298 1460 358 CONDITA
1503 298 1658 357 LIB.
1710 298 1815 356 IX.
1866 299 2059 356 26-28

361 458 654 529 cohorteS,
695 477 848 536 quae
887 457 1146 534 integrae
1185 460 1263 518 ad
1300 458 1580 535 longioris
1615 479 1849 537 pugnae
1891 480 2062 520 casus
2104 479 2354 520 reserva-

361 554 592 627 bantur,
653 555 715 614 in
771 555 1023 632 primam
1086 555 1277 615 aciem
1337 558 1636 633 extemplo
1701 556 1897 616 emisit
1950 556 2354 634 universisque

362 653 597 710 hostem
640 652 834 729 primo
882 652 1110 729 impetu
1148 652 1367 713 viribus
1413 652 1666 730 impulit.
1754 665 2054 714 commota
2097 653 2355 731 pedestri
2382 678 2441 713 10

362 747 490 807 acie
519 749 875 808 Samnitium
903 769 1086 828 eques
1114 748 1177 809 in
1216 770 1479 828 pugnam
1517 750 1799 811 succedit.
1887 750 1949 811 in
1987 753 2148 811 hunc
2176 763 2357 811 trans-

363 865 532 906 verso
586 846 823 924 agmine
878 848 1031 908 inter
1084 848 1233 907 duas
1288 846 1445 908 acies
1502 867 1566 908 se
1626 837 1976 909 in'ferentem
2045 852 2354 908 Romanus

363 943 660 1021 equitatus
689 944 950 1006 concitat
977 965 1164 1023 equos
1194 945 1480 1024 signaque
1508 956 1569 1011 et
1602 947 1840 1007 ordines
1868 946 2138 1026 peditum
2177 957 2356 1022 atque

364 1041 632 1118 equiturn
679 1041 1006 1115 confundit,
1055 1044 1248 1103 donec
1298 1043 1632 1104 universam
1680 1044 1758 1103 ab
1810 1064 1881 1105 ea
1934 1054 2099 1121 parte
2148 1042 2357 1102 avertit

365 1137 572 1199 aciem.
646 1138 708 1197 in
737 1159 811 1200 eo
833 1159 1018 1200 cornu
1047 1160 1171 1200 non
1201 1140 1499 1201 Poetelius
1529 1144 1689 1202 solus
1717 1142 1827 1202 sed
1855 1139 2148 1219 Sulpicius
2177 1139 2355 1200 etiam
2385 1159 2440 1195 11

365 1238 630 1297 hortator
671 1239 954 1312 adfuerat,
1001 1248 1240 1298 avectus
1288 1239 1366 1299 ab
1414 1238 1535 1299 suis
1586 1241 1856 1300 nondum
1907 1237 2356 1298 conserentibus

367 1353 578 1393 manus
619 1336 697 1394 ad
733 1336 1052 1394 clamorem
1081 1355 1118 1394 a
1156 1334 1389 1395 sinistra
1423 1347 1590 1415 parte
1626 1337 1787 1414 prius
1821 1347 2109 1397 exortum.
2195 1337 2356 1395 unde
2382 1361 2440 1397 12

367 1434 528 1493 haud
571 1432 818 1492 dubiam
860 1431 1165 1492 victoriam
1209 1452 1458 1494 cernens
1500 1454 1638 1494 curn
1681 1435 1759 1495 ad
1793 1455 1969 1496 suum
2008 1453 2194 1494 cornu
2236 1443 2359 1493 ten-

366 1531 533 1589 deret
582 1550 720 1590 cum
770 1532 931 1590 mille
986 1529 1258 1590 ducentis
1308 1530 1461 1606 viriS,
1520 1531 1867 1593 dissimilem
1922 1532 2004 1591 ibi
2061 1533 2355 1591 fortunam

367 1626 609 1702 invenit,
656 1630 965 1689 Romanos
1007 1629 1144 1688 loco
1190 1629 1417 1706 puISOS,
1464 1628 1746 1689 victorem
1795 1631 2031 1691 hostem
2080 1627 2247 1705 signa
2297 1627 2359 1686 in

368 1728 670 1803 perculsos
699 1725 1065 1786 inferentem.
1153 1735 1416 1785 ceterum
1445 1725 1646 1785 omnia
1674 1726 1923 1785 mutavit
1952 1735 2195 1802 repente
2222 1744 2361 1783 con-
2386 1742 2446 1789 13

369 1823 511 1883 sulis
552 1825 885 1898 adventus3
938 1843 1077 1882 nam
1122 1833 1181 1882 et
1223 1833 1548 1900 conspectu
1597 1821 1766 1882 ducis
1809 1824 2062 1882 refectus
2105 1820 2359 1882 militum

370 1932 459 1981 est
486 1921 736 1995 animuS,
768 1932 827 1982 et
855 1921 1044 1980 maius
1066 1939 1246 1997 quam
1273 1939 1382 1998 pro
1411 1939 1661 1979 numero
1688 1918 1971 1978 auxilium
1999 1920 2361 1978 advenerant

370 2021 548 2080 fortes
577 2019 699 2092 viri,
732 2031 791 2080 et
818 2018 996 2096 partis
1031 2020 1268 2078 alterius
1306 2016 1552 2078 victoria
1585 2016 1804 2089 audita,
1837 2036 1976 2076 mox
2010 2015 2136 2077 visa
2164 2015 2361 2091 etiam,

372 2117 663 2196 proelium
701 2117 968 2177 restituit.
1056 2127 1180 2176 tota
1208 2115 1428 2177 deinde
1472 2115 1589 2174 iarn
1618 2114 1852 2175 vincere
1886 2116 2013 2174 acie
2048 2116 2362 2173 Romanus
2388 2141 2450 2190 14

372 2226 432 2275 et
460 2214 682 2275 omisso
711 2214 1032 2275 certamine
1063 2213 1234 2275 caedi
1262 2214 1515 2291 capique
1549 2212 1860 2286 SamniteS,
1892 2211 2007 2273 nisi
2035 2211 2136 2288 qui
2178 2213 2364 2271 Male-

372 2323 632 2385 ventum,
665 2312 763 2372 cui
791 2332 952 2372 nunc
973 2310 1107 2371 urbi
1136 2314 1545 2373 Beneventum
1578 2331 1798 2372 nomen
1828 2323 1935 2386 est,
1963 2312 2358 2390 perfugerunt.

373 2412 452 2471 ad
507 2410 742 2488 triginta
797 2409 960 2471 milia
1017 2429 1190 2471 caesa
1243 2420 1345 2470 aut
1410 2419 1585 2487 capta
1651 2408 2005 2470 Samnitium
2060 2406 2361 2487 proditum

375 2507 696 2569 memoriae
724 2518 828 2568 est.

458 2607 752 2668 Consules
790 2604 1021 2682 egregia
1057 2604 1300 2665 victoria
1340 2615 1507 2683 parta
1545 2605 1813 2683 protinus
1854 2604 1997 2664 inde
2037 2604 2115 2663 ad
2159 2601 2366 2661 Bovia-
2388 2602 2465 2662 28

374 2724 521 2763 num
541 2704 1011 2779 oppugnandum
1033 2700 1294 2779 legiones
1316 2704 1546 2762 ducunt
1564 2724 1583 2777 3
1611 2701 1815 2779 ibique
1836 2700 2084 2760 hiberna
2102 2709 2360 2775 egerunt,
2394 2729 2417 2762 2

376 2802 573 2862 donec
613 2800 691 2859 ab
740 2798 909 2860 novis
951 2799 1318 2874 consulibuS,
1360 2802 1426 2859 L.
1482 2798 1717 2876 Papirio
1767 2799 2023 2859 Cursore
2071 2795 2363 2873 quintum,

379 2900 447 2982 C.
489 2897 667 2959 Iunio
703 2898 976 2958 Bubulco
1013 2896 1242 2971 iterum,
1284 2896 1624 2957 nominatus
1667 2894 1920 2956 dictator
1959 2895 2030 2956 C.
2071 2893 2368 2954 Poetelius

378 3016 517 3056 cum
547 2998 635 3055 M.
666 2994 836 3056 Folio
863 2994 1142 3072 magistro
1171 2994 1438 3071 equitum
1470 2992 1790 3054 exercitum
1818 2991 2064 3069 accepit.
2151 2990 2200 3051 is
2229 3011 2368 3050 cum
2394 3017 2418 3067 2

378 3092 641 3154 audisset
667 3112 865 3152 arcem
904 3093 1310 3169 Fregellanam
1343 3091 1422 3151 ab
1461 3090 1823 3151 Samnitibus
1862 3099 2113 3166 captam,
2147 3086 2369 3148 omisso

382 3190 649 3251 Boviano
697 3191 775 3250 ad
822 3190 1115 3266 Fregellas
1170 3187 1373 3265 pergit.
1461 3183 1632 3249 unde‘
1670 3197 1961 3247 nocturna
2015 3184 2369 3246 Samnitium

380 3289 518 3365 fuga
559 3288 688 3347 sine
729 3286 1051 3348 certamine
1096 3286 1346 3363 receptis
1391 3285 1670 3362 Fregellis
1718 3283 2132 3362 praesidioque
2176 3282 2371 3344 valido

380 3384 663 3462 imposito
691 3384 752 3443 in
784 3383 1178 3462 Campaniam
1221 3384 1476 3444 reditum
1521 3381 1778 3442 maxime
1817 3382 1896 3442 ad
1939 3383 2159 3441 Nolam
2193 3382 2369 3441 armis

382 3484 784 3559 repetendam.
867 3502 942 3543 eo
981 3502 1045 3543 se
1085 3481 1237 3541 intra
1274 3481 1513 3542 moenia
1549 3480 1661 3541 sub
1701 3480 2024 3540 adventum
2067 3477 2369 3539 dictatoris
2395 3500 2429 3549 4

382 3588 443 3640 et
471 3578 827 3639 Samnitium
866 3579 1061 3640 omnis
1105 3579 1426 3639 multitudo
1464 3589 1523 3638 et
1563 3575 1784 3637 Nolani
1825 3587 2081 3654 agrestes
2110 3578 2372 3636 contule-

382 3689 528 3737 rant.
616 3676 870 3739 dictator
898 3677 1057 3738 urbis
1093 3677 1208 3738 situ
1247 3676 1697 3748 circumspecto,
1727 3695 1848 3747 quo
1886 3673 2140 3747 apertior
2176 3673 2372 3734 aditus
2400 3690 2427 3739 5
