2909 4381
642 277 750 333 AB
794 277 1021 333 VRBE
1067 277 1454 336 CONDITA
1500 277 1655 334 LIB.
1705 278 1810 334 IX.
1864 297 1951 352 13,
1994 295 2063 350 14

355 436 664 496 Tarentini
685 437 1081 498 interveniunt
1100 437 1518 498 denuntiantes
1537 434 1897 498 Samnitibus
1918 439 2341 515 Romanisque,

355 544 420 591 ut
452 534 673 593 bellum
703 534 1080 595 omitterent:
1124 556 1227 612 per
1265 545 1426 594 utros
1465 534 1734 607 stetisset,
1766 554 1888 611 quo
1931 535 2125 596 minus
2164 537 2345 597 disce-

353 630 591 689 deretur
629 631 707 691 ab
748 630 942 703 armiS,
986 633 1265 691 adversus
1307 650 1411 690 eos
1453 651 1517 690 se
1564 651 1673 707 pro
1719 632 1915 692 alteris
1963 644 2339 711 pugnaturos.

352 747 425 786 ea
451 727 745 803 legatione
781 728 1046 805 Papirius
1084 728 1287 789 audita
1325 727 1569 804 perinde
1596 748 1666 787 ac
1711 740 1906 789 motus
1935 730 2108 790 dictis
2138 751 2340 792 eorum
2371 752 2394 785 2

352 843 488 883 curn
537 826 762 901 collega
808 845 871 884 se
914 825 1489 885 communicaturum
1532 826 1851 902 respondit,
1896 827 2206 903 accitoque
2248 848 2338 901 e0,

351 940 490 980 cum
549 932 783 998 tempus
844 941 1025 981 omne
1089 920 1150 980 in
1215 931 1499 997 apparatu
1569 942 1800 998 pugnae
1862 923 2341 999 consumpsisset,

350 1020 702 1077 conlocutus
752 1021 828 1078 de
884 1039 946 1079 re
991 1019 1152 1077 haud
1201 1017 1384 1077 dubia
1438 1017 1670 1094 signum
1727 1038 1960 1096 pugnae
2015 1020 2336 1097 proposuit.

349 1115 661 1191 agentibus
727 1115 927 1176 divina
983 1118 1377 1192 humanaque,
1447 1135 1602 1192 quae
1656 1117 1944 1186 adsolent,
2015 1137 2152 1176 cum
2213 1118 2340 1177 acie
2367 1137 2396 1184 3

284 1278 292 1283 ‚
349 1212 758 1273 dimicandum
801 1226 906 1286 est,
952 1213 1296 1274 consulibus
1338 1213 1646 1273 Tarentini
1688 1214 1861 1290 legati
1905 1234 2211 1276 occursare
2257 1237 2339 1276 re·

348 1330 636 1387 sponsum
706 1323 1156 1390 exspectantes;
1231 1311 1447 1389 quibus
1509 1311 1774 1388 Papirius
1837 1310 1952 1370 ait:
2038 1317 2052 1343 ‘
2073 1313 2340 1390 auspicia
2360 1339 2391 1386 4

348 1410 613 1469 secunda
658 1429 809 1484 esse,
853 1408 1174 1480 Tarentini,
1223 1407 1503 1485 pullarius
1559 1410 1831 1482 nuntiat,
1899 1407 2130 1468 litatum
2179 1430 2339 1486 prae-

349 1514 509 1564 terea
535 1516 626 1566 est
655 1505 924 1582 egregie3
966 1504 1304 1565 auctoribus
1347 1504 1457 1577 dis,
1490 1515 1555 1563 ut
1592 1504 1820 1577 videtis,
1859 1507 1936 1564 ad
1979 1524 2102 1564 rem
2139 1525 2338 1581 geren-

347 1602 487 1660 dam
517 1601 981 1678 proficiscimur.'
1064 1601 1229 1679 signa
1257 1601 1397 1661 inde
1426 1600 1558 1660 ferri
1594 1600 1760 1661 iussit
1789 1612 1848 1661 et
1877 1600 2078 1677 copias
2116 1602 2337 1676 eduxit,
2357 1624 2386 1673 5

347 1697 728 1758 vanissimam
798 1698 1108 1776 increpans
1178 1709 1431 1775 gentem,
1499 1717 1672 1773 quae,
1735 1717 1971 1756 suarum
2041 1700 2337 1774 impotens

347 1814 541 1854 rerum
610 1816 751 1873 prae
820 1796 1160 1857 domesticis
1229 1793 1619 1854 seditionibus
1695 1793 2143 1870 discordiisque,
2209 1794 2338 1854 aliis

348 1895 597 1953 modum
648 1893 811 1970 pacis
852 1912 921 1952 ac
965 1892 1105 1952 belli
1146 1894 1338 1951 facere
1374 1911 1634 1968 aequum
1676 1901 1956 1951 censeret.
2044 1890 2337 1952 Samnites
2360 1905 2391 1953 6

346 2010 419 2049 ex
461 2000 627 2066 parte
667 1992 852 2050 altera
892 2009 1027 2048 cum
1072 2008 1313 2049 ornnem
1357 2008 1560 2049 curam
1604 1987 1742 2048 belli
1781 1987 2156 2061 remisissent,
2198 1989 2337 2066 quia

345 2097 447 2146 aut
502 2107 714 2164 pacem
769 2108 905 2147 vere
960 2086 1281 2163 cupiebant
1335 2097 1438 2145 aut
1495 2085 1852 2164 ‘expediebat
1921 2085 2211 2159 simulare,
2270 2098 2335 2146 ut

345 2183 703 2244 Tarentinos
761 2183 872 2244 sibi
929 2182 1326 2255 conciliarent,
1387 2203 1525 2243 cum
1581 2181 1898 2243 instructos
1960 2195 2202 2260 repente
2255 2184 2333 2245 ad

345 2302 607 2359 pugnam
638 2284 947 2341 Romanos
977 2279 1436 2357 conspexissent,
1469 2279 1771 2340 vociferari
1800 2300 1864 2340 se
1891 2280 1953 2339 in
1987 2279 2334 2341 auctoritate
2358 2295 2386 2350 7

345 2378 805 2439 Tarentinorum
850 2398 1089 2438 manere
1131 2397 1242 2437 nec
1284 2379 1648 2438 descendere
1686 2377 1747 2437 in
1788 2377 1977 2438 aciem
2021 2398 2134 2438 nec
2175 2389 2334 2437 extra

344 2478 563 2535 vallum
591 2495 755 2535 arma
783 2477 930 2535 ferre
954 2497 972 2550 3
1010 2477 1297 2551 deceptos
1325 2473 1524 2551 potius
1552 2476 1975 2551 quodcumque
1997 2494 2166 2534 casus
2189 2477 2333 2534 ferat

344 2590 638 2648 passurOS,
683 2591 864 2649 quam
907 2583 973 2631 ut
1016 2570 1302 2649 sprevisse
1343 2571 1506 2648 pacis
1540 2582 1809 2631 auctores
1857 2571 2211 2631 Tarentinos
2255 2570 2334 2630 vi-

344 2670 610 2728 deantur.
696 2668 964 2745 accipere
1004 2688 1066 2728 se
1108 2688 1286 2728 omen
1326 2669 1599 2727 consules
1638 2666 1803 2726 aiunt
1838 2678 1896 2727 et
1933 2687 2065 2726 eam
2106 2666 2331 2743 precari
2356 2677 2386 2724 8

345 2775 609 2824 mentem
655 2765 942 2837 hostibuS,
992 2775 1056 2824 ut
1105 2785 1181 2823 ne
1229 2766 1448 2823 vallum
1505 2762 1749 2840 quidem
1795 2764 2135 2824 defendant.
2218 2763 2330 2841 ipsi
2354 2780 2385 2829 9

342 2861 495 2921 inter
539 2881 603 2921 se
653 2862 877 2939 partitis
927 2861 1113 2939 copiis
1163 2863 1491 2922 succedunt
1539 2859 1800 2920 hostium
1847 2859 2230 2921 munimentis
2273 2872 2332 2922 et

343 2959 518 3018 simul
582 2959 848 3036 undique
913 2958 1121 3031 adorti,
1187 2978 1325 3017 cum
1381 2978 1514 3034 pars
1570 2960 1757 3018 fossas
1823 2960 2137 3035 explerent,
2198 2977 2331 3034 pars

341 3058 624 3116 vellerent
652 3057 872 3115 vallum
900 3066 1079 3132 atque
1107 3055 1169 3115 in
1197 3057 1383 3115 fossas
1420 3065 1765 3131 proruerent
1792 3076 1904 3115 nec
1932 3054 2113 3115 virtus
2148 3056 2331 3115 modo

342 3152 518 3212 insita
546 3153 654 3212 sed
682 3152 768 3211 ira
788 3151 966 3211 etiam
990 3154 1350 3212 exulceratos
1381 3150 1706 3229 ignominia
1727 3152 2051 3211 stimularet
2079 3151 2328 3225 animOS,

340 3261 531 3309 castra
573 3250 855 3323 invasere,
900 3261 959 3309 et
1000 3269 1107 3327 pro
1150 3271 1212 3310 se
1254 3249 1523 3327 quisque,
1570 3270 1692 3309 non
1736 3252 1884 3310 haec
1925 3250 2179 3309 furculas
2219 3269 2331 3309 nec
2360 3269 2419 3304 ιο

342 3345 642 3408 Caudium
673 3366 784 3407 nec
827 3348 1008 3406 saltus
1048 3345 1237 3406 invios
1272 3365 1417 3416 esse,
1450 3345 1555 3405 ubi
1598 3366 1851 3406 errorem
1882 3348 2038 3406 fraus
2078 3346 2330 3423 superbe

340 3442 593 3514 vicisset,
647 3445 753 3504 sed
812 3445 1148 3502 Romanam
1193 3441 1485 3515 virtutem,
1545 3462 1725 3519 quam
1782 3463 1893 3503 nec
1941 3445 2160 3503 vallum
2217 3462 2329 3503 nec

339 3541 534 3600 fossae
589 3550 869 3611 arcerent,
940 3549 1335 3600 memorantes
1400 3541 1659 3600 caedunt
1717 3538 1931 3618 pariter
1995 3540 2329 3601 resistentes

339 3639 641 3713 fusosque,
693 3636 946 3696 inermes
995 3647 1175 3713 atque
1217 3647 1490 3710 armatOS,
1544 3656 1742 3697 servos
1791 3637 2022 3708 liberOS,
2075 3638 2328 3713 puberes
2357 3657 2415 3694 11

2103 3742 2138 3780 c
2169 3745 2195 3780 a
