2909 4381
1399 229 1473 285 T.
1516 228 1692 286 LIVI

504 411 531 459 5
557 388 620 449 in
649 391 854 451 urbem
896 390 1277 468 accepissent,
1317 390 1633 451 discedunt
1666 409 1957 467 aegreque
1991 389 2320 466 impetrato,
2364 400 2429 449 ut
2466 390 2544 449 de

558 508 628 547 ea
670 508 731 547 re
769 488 999 548 consuli
1034 500 1303 548 senatum
1343 507 1743 565 responsaque
1781 490 1858 547 ad
1888 507 1951 547 se
1978 486 2173 547 referri
2203 487 2439 560 sineret,
2464 488 2545 546 ad

502 595 533 644 6
558 605 697 644 suos
753 587 1015 645 redeunt.
1104 587 1258 644 duae
1314 585 1599 644 factiones
1655 595 1925 644 senatum
1977 584 2355 657 distinebant,
2405 605 2539 657 una,

557 682 723 741 cuius
752 683 1045 759 principes
1075 694 1240 742 erant
1268 682 1617 742 defectionis
1646 684 1922 759 apopulo
1953 684 2230 740 Romano
2252 691 2540 754 auctoreS‚

555 782 736 839 altera
782 780 1046 839 fidelium
1093 779 1326 839 civium.
1435 790 1720 838 certatum
1763 778 1842 838 ab
1885 780 2146 855 utrisque
2191 789 2391 837 tamen
2433 788 2539 850 est,

557 888 621 936 ut
649 880 726 937 ad
757 876 1255 937 reconciliandam
1285 896 1494 954 pacem
1524 875 1753 937 consuli
1783 895 1962 953 opera
2000 876 2323 935 navaretur.
2409 895 2543 952 pars

506 989 532 1042 7
555 977 751 1047 altera,
794 995 929 1034 cum
967 973 1324 1050 praesidium
1365 973 1736 1045 Samnitium,
1770 973 1910 1050 quia
1947 973 2092 1032 nihil
2130 972 2267 1032 satis
2307 992 2545 1049 praepa-

554 1071 663 1130 rati
705 1083 827 1131 erat
868 1074 946 1132 ad
996 1071 1373 1131 obsidionem
1419 1073 1805 1143 tolerandam,
1854 1090 2229 1130 excessurum
2278 1070 2544 1146 proxima

554 1179 731 1228 nocte
760 1178 934 1243 esset,
976 1169 1281 1229 enuntiare
1320 1169 1549 1228 consuli
1590 1168 1727 1227 satis
1766 1167 1989 1240 habuit,
2022 1187 2140 1244 qua
2179 1167 2369 1227 noctis
2398 1169 2543 1226 hora

555 1286 793 1343 quaque
848 1278 1016 1343 porta
1072 1277 1131 1326 et
1187 1286 1366 1343 quam
1422 1265 1485 1324 in
1530 1265 1684 1324 viam
1741 1285 2073 1342 egressurus
2123 1264 2309 1324 hostis
2356 1267 2505 1323 foret
2524 1287 2543 1338 3

502 1378 530 1425 8
555 1364 752 1436 altera,
803 1363 1018 1440 quibus
1068 1362 1264 1423 invitis
1315 1362 1605 1422 descitum
1662 1364 1739 1422 ad
1794 1363 2085 1422 Samnites
2143 1372 2281 1435 erat,
2331 1364 2540 1422 eadem

555 1470 733 1519 nocte
781 1471 1011 1537 portam
1057 1460 1234 1519 etiam
1283 1459 1512 1518 consuli
1561 1470 1916 1536 aperuerunt
1964 1471 2339 1537 armatosque
2387 1463 2539 1519 clam

500 1581 532 1631 9
558 1548 734 1617 nocte
763 1557 824 1616 in
855 1558 1062 1617 urbem
1090 1569 1461 1634 acceperunt.
1548 1557 1631 1616 ita
1659 1557 1882 1633 duplici
1910 1558 2245 1634 proditione
2284 1569 2344 1617 et
2382 1578 2541 1634 prae-

554 1653 772 1715 sidium
829 1654 1181 1715 Samnitium
1249 1653 1487 1713 insessis
1553 1654 1708 1714 circa
1761 1654 1915 1713 viam
1980 1654 2339 1714 silvestribus
2397 1655 2539 1714 locis

553 1752 910 1830 necopinato
940 1772 1288 1829 oppressum
1318 1762 1406 1811 est
1429 1762 1488 1812 et
1515 1752 1593 1812 ab
1621 1752 1768 1811 urbe
1800 1753 1978 1828 plena
2016 1751 2275 1811 hostiurn
2320 1754 2541 1812 clamor

552 1851 856 1925 sublatus;
910 1860 1336 1926 momentoque
1386 1849 1560 1908 unius
1603 1852 1783 1909 horae
1827 1868 2032 1909 caesus
2076 1849 2325 1922 SamniS,
2372 1852 2543 1909 Satri-

470 1971 528 2005 10
552 1967 736 2006 canus
783 1958 1005 2025 captuS,
1057 1958 1116 2006 et
1166 1947 1368 2006 omnia
1416 1947 1476 2004 in
1528 1957 1818 2022 potestate
1863 1949 2122 2007 consulis
2171 1958 2350 2006 erant.
2439 1947 2540 2024 qui

553 2043 900 2119 quaestione
939 2043 1155 2116 habita,
1199 2063 1451 2120 quorum
1497 2062 1676 2120 opera
1714 2043 1969 2103 defectio
2004 2055 2158 2127 esset
2186 2046 2353 2117 facta,
2388 2064 2538 2120 quos

552 2151 754 2201 sontes
793 2143 1081 2219 comperit
1122 2140 1295 2218 virgis
1331 2160 1535 2201 caesos
1579 2140 1769 2200 securi
1803 2140 2088 2217 percussit
2126 2140 2538 2219 praesidioque

468 2259 521 2294 11
549 2238 748 2299 valido
778 2239 1056 2316 imposito
1074 2259 1237 2298 arma
1261 2238 1576 2298 Satricanis
1606 2238 1845 2298 ademit.
1904 2238 2045 2298 inde
2072 2240 2149 2298 ad
2172 2239 2535 2316 triumphum

551 2334 876 2394 decessisse
934 2337 1190 2394 Romam
1250 2334 1549 2411 Papirium
1601 2335 1917 2395 Cursorem
1975 2334 2252 2408 scribunt,
2307 2334 2409 2412 qui
2464 2355 2537 2395 eo

551 2433 704 2491 duce
755 2431 1068 2491 Luceriam
1118 2443 1414 2507 receptam
1462 2431 1874 2508 Samnitesque
1921 2432 2032 2492 sub
2076 2432 2276 2509 iugum
2329 2432 2537 2493 missos

466 2557 521 2592 12
549 2540 818 2589 auctores
849 2540 999 2589 sunt.
1088 2541 1146 2589 et
1189 2528 1297 2588 fuit
1336 2528 1420 2587 vir
1449 2530 1611 2587 haud
1650 2528 1831 2608 dubie
1874 2529 2087 2606 dignus
2126 2529 2289 2588 omni
2328 2530 2539 2589 bellica

550 2626 740 2698 laude,
788 2646 909 2685 non
949 2625 1131 2685 animi
1175 2629 1367 2685 solum
1411 2624 1609 2702 vigore
1652 2627 1757 2684 sed
1797 2624 1973 2685 etiam
2017 2625 2275 2702 corporis
2318 2626 2538 2687 viribus

466 2747 523 2795 13
549 2724 859 2783 excellens.
942 2723 1258 2799 praecipua
1285 2724 1509 2799 pedum
1545 2721 1856 2799 pernicitas
1900 2722 2101 2795 inerat,
2144 2742 2296 2799 quae
2324 2743 2536 2799 cogno-

551 2840 689 2879 men
734 2821 912 2879 etiam
950 2820 1132 2892 dedit,
1179 2820 1582 2896 victoremque
1622 2839 1793 2879 cursu
1838 2822 2102 2879 omnium
2147 2821 2353 2880 aetatis
2397 2842 2537 2882 suae

550 2916 731 2976 fuisse
770 2918 978 2988 ferunt,
1026 2937 1129 2976 seu
1172 2936 1407 2976 crurum
1450 2916 1508 2975 vi
1551 2937 1655 2976 seu
1698 2911 2113 2978 exercitatione
2151 2921 2337 2978 multa
2357 2942 2373 2993 3
2418 2919 2536 2978 cibi

469 3039 529 3087 ¹4
551 3013 792 3091 vinique
834 3016 1092 3073 eundem
1136 3013 1586 3090 capacissimum
1606 3037 1623 3088 3
1677 3035 1788 3074 nec
1831 3035 1968 3074 cum
2007 3018 2128 3075 ullo
2160 3017 2533 3094 asperiorem,

553 3110 691 3187 quia
721 3109 847 3188 ipse
876 3109 1077 3170 invicti
1120 3112 1198 3170 ad
1236 3110 1500 3170 laborem
1544 3111 1803 3188 corporis
1842 3123 2011 3184 esset,
2053 3112 2233 3173 fuisse
2266 3113 2534 3172 militiam

470 3234 527 3283 15
552 3207 737 3285 pediti
794 3207 1008 3285 pariter
1062 3207 1365 3285 equitique
1385 3230 1403 3283 ;
1464 3207 1692 3285 equites
1749 3211 1926 3269 etiam
1982 3210 2304 3286 aliquando
2358 3231 2533 3272 ausos

551 3306 629 3364 ab
651 3324 724 3364 eo
753 3316 968 3381 petere,
989 3315 1054 3363 ut
1075 3304 1187 3363 sibi
1212 3325 1322 3381 ‚pro
1344 3326 1405 3365 re
1423 3306 1579 3365 bene
1605 3317 1767 3382 gesta
1795 3309 2011 3366 laxaret
2032 3306 2255 3384 aliquid
2283 3308 2534 3382 laboris3

472 3410 528 3461 16
553 3402 769 3479 quibus
800 3402 929 3461 illex
974 3406 990 3433 ‘
1014 3422 1090 3462 ne
1120 3402 1265 3461 nihil
1295 3402 1602 3462 remissum
1634 3403 1859 3476 dicatis,
1890 3404 2161 3477 remitto,'
2198 3404 2390 3481 inquit
2424 3411 2437 3437 ‘
2459 3426 2534 3464 ne

551 3500 756 3577 utique
812 3502 1053 3559 dorsum
1109 3500 1511 3572 demulceatiS,
1570 3521 1707 3559 cum
1763 3522 1833 3560 ex
1889 3501 2055 3578 equis
2103 3503 2477 3562 descendetis
2500 3507 2529 3563 ’.

550 3609 608 3658 et
627 3597 713 3657 vis
743 3607 864 3657 erat
893 3597 952 3655 in
973 3617 1045 3656 eo
1063 3596 1185 3657 viro
1215 3596 1442 3674 imperii
1474 3599 1676 3673 ingens
1700 3597 1912 3674 pariter
1939 3597 2000 3655 in
2024 3598 2216 3658 socios
2238 3598 2528 3677 civesque.
