2909 4381
1359 257 1428 316 T.
1479 257 1653 316 LIVI

520 421 605 478 M.
639 417 961 492 Valerium,
993 427 1082 478 est
1123 437 1358 478 versum
1386 439 1402 490 ;
1442 437 1597 495 quos
1633 420 1890 495 populus
1929 417 2208 495 proximis
2252 418 2504 479 comitiis

514 515 740 593 ingenti
796 535 1093 575 consensu
1157 517 1467 576 consulem
1537 517 1803 588 alterum,
1856 517 2105 576 alterum
2175 528 2503 592 praetorem

513 613 844 673 declaravit.

417 721 493 787 41
599 710 785 771 Fabio
808 712 889 771 ob
910 711 1140 789 egregie
1160 711 1557 789 perdomitam
1578 710 1875 771 Etruriam
1897 711 2275 772 continuatur
2297 732 2506 772 consu-

515 809 684 880 latuS,
751 807 973 868 Decius
1025 812 1252 887 collega
1308 810 1495 869 datur.
1586 800 1882 887 (Valerius
1939 819 2174 885 praetor
2230 821 2503 886 quartum

464 935 488 969 2
517 906 792 984 creatus)
877 908 1151 966 consules
1191 905 1386 984 partiti
1426 905 1795 984 provincias:
1839 905 2072 965 Etruria
2103 906 2307 980 Decio,
2342 909 2502 966 Sam-

463 1025 492 1073 3
517 1000 683 1061 nium
715 1002 902 1062 Fabio
930 1002 1143 1063 evenit.
1227 1004 1280 1062 is
1319 1004 1620 1080 profectus
1659 1003 1738 1062 ad
1768 1002 2085 1062 Nuceriam
2117 1005 2505 1078 Alfaternam,

517 1118 654 1158 cum
691 1120 901 1176 pacem
932 1110 1218 1177 petenteS,
1255 1101 1419 1176 quod
1460 1098 1547 1158 uti
1585 1118 1674 1173 ea,
1704 1120 1842 1159 cum
1872 1102 2123 1173 daretur,
2157 1101 2497 1174 noluissent,

457 1221 492 1271 4
513 1208 855 1274 aspernatus
885 1208 1054 1271 esset,
1086 1198 1493 1275 oppugnando
1520 1198 1598 1257 ad
1626 1196 1991 1257 deditionem
2032 1197 2277 1275 subegit.
2364 1219 2502 1258 cum

512 1293 875 1354 Samnitibus
904 1294 1031 1354 acie
1070 1293 1418 1353 dimicatum
1436 1315 1454 1367 ;
1498 1294 1659 1352 haud
1694 1313 1910 1370 magno
1944 1293 2264 1354 certamine
2303 1297 2501 1356 hostes

512 1390 686 1466 victi3
736 1411 932 1469 neque
974 1393 1100 1451 eius
1144 1409 1378 1467 pugnae
1413 1390 1701 1449 memoria
1749 1389 1963 1450 tradita
2005 1393 2171 1465 foret,
2212 1392 2274 1450 ni
2319 1393 2501 1453 Marsi

513 1508 587 1548 eo
616 1488 873 1565 primum
916 1487 1142 1565 proelio
1184 1507 1321 1546 cum
1367 1485 1658 1546 Romanis
1702 1485 2034 1546 bellassent.
2122 1489 2308 1548 secuti
2348 1492 2502 1549 Mar-

513 1605 712 1645 sorum
759 1584 1157 1645 defectionem
1208 1582 1471 1660 Paeligni
1509 1585 1763 1643 eandem
1812 1584 2106 1643 fortunam
2146 1585 2496 1646 habuerunt.

460 1697 487 1746 5
516 1682 707 1743 Decio
756 1702 1011 1761 quoque,
1065 1681 1230 1742 alteri
1280 1679 1527 1754 consuli,
1577 1681 1841 1740 secunda
1887 1680 2028 1740 belli
2075 1683 2310 1742 fortuna
2358 1694 2498 1746 erat.

512 1779 1006 1857 Tarquiniensem
1051 1790 1216 1839 metu
1260 1778 1573 1854 subegerat
1623 1779 1985 1836 frumentum
2019 1778 2298 1839 exercitui
2341 1800 2499 1857 prae-

457 1892 488 1942 6
512 1877 651 1938 bere
679 1889 858 1954 atque
878 1877 1137 1938 indutias
1159 1877 1220 1936 in
1240 1876 1628 1953 quadraginta
1648 1896 1837 1935 annos
1866 1888 2083 1952 petere.
2170 1877 2501 1939 Volsinien-

510 1974 663 2034 sium
713 1976 953 2033 castella
1000 1974 1227 2051 aliquot
1270 1972 1326 2032 vi
1364 1972 1565 2049 cepit3
1606 1975 1901 2050 quaedam
1947 1993 2019 2033 ex
2062 1974 2132 2034 iis
2178 1975 2372 2049 diruit,
2423 1996 2499 2036 ne

509 2074 884 2148 receptaculo
913 2071 1183 2131 hostibus
1207 2081 1404 2130 essent
1428 2092 1446 2144 3
1488 2069 2077 2148 circumferendoque
2099 2072 2316 2149 passim
2341 2074 2499 2133 bello

507 2179 738 2229 tantum
769 2180 1049 2230 terrorem
1078 2167 1170 2228 sui
1197 2166 1353 2241 fecit,
1386 2178 1452 2228 ut
1480 2186 1702 2228 nomen
1732 2187 1912 2229 omne
1942 2171 2259 2229 Etruscum
2287 2171 2499 2232 foedus

508 2269 586 2328 ab
625 2270 870 2328 consule
913 2278 1155 2346 peteret.
1240 2286 1311 2325 ac
1358 2267 1435 2325 de
1479 2285 1553 2325 eo
1603 2264 1848 2342 quidem
1893 2266 2041 2326 nihil
2087 2267 2501 2345 impetratum3

459 2386 484 2437 7
509 2365 774 2425 indutiae
824 2385 1056 2425 annuae
1107 2366 1296 2424 datae.
1384 2362 1749 2440 stipendium
1794 2366 2051 2423 exercitu
2098 2366 2377 2425 Romano
2421 2368 2498 2426 ab

510 2464 682 2522 hoste
725 2462 786 2521 in
830 2481 969 2522 eum
1009 2480 1234 2520 annum
1277 2480 1529 2538 pensum
1573 2471 1632 2520 et
1672 2459 1849 2519 binae
1891 2459 2127 2521 tunicae
2160 2460 2222 2520 in
2251 2461 2496 2522 militem

510 2571 749 2621 exactae
768 2583 785 2636 3
829 2579 899 2620 ea
926 2578 1151 2619 merces
1183 2557 1543 2619 indutiarum
1573 2556 1697 2616 fuit.

457 2661 488 2710 8
592 2657 964 2736 Tranquillas
993 2677 1084 2717 res
1112 2656 1231 2716 iam
1260 2657 1322 2715 in
1353 2654 1615 2715 Etruscis
1646 2652 1901 2714 turbavit
1917 2654 2223 2731 repentina
2243 2656 2498 2718 defectio

512 2758 897 2830 Umbrorum,
949 2755 1140 2833 gentis
1198 2757 1458 2831 integrae
1524 2773 1561 2813 a
1620 2752 1889 2813 cladibus
1949 2753 2105 2827 belli,
2166 2754 2277 2814 nisi
2333 2758 2497 2832 quod

457 2873 489 2923 9
511 2857 820 2915 transitum
850 2852 1135 2922 exercitus
1164 2872 1299 2929 ager
1329 2860 1609 2911 senserat.
1693 2849 1733 2908 ii
1772 2849 2066 2910 concitata
2099 2855 2264 2912 omni
2302 2852 2499 2913 iuven-

512 2963 638 3011 tute
679 2970 785 3010 sua
827 2960 886 3009 et
929 2969 1141 3026 magna
1183 2959 1347 3025 parte
1385 2952 1768 3008 Etruscorum
1808 2949 1885 3007 ad
1919 2949 2303 3010 rebellionem
2341 2970 2500 3010 com-

511 3050 682 3127 pulsa
737 3057 967 3106 tantum
1023 3044 1341 3105 exercitum
1397 3047 1673 3118 fecerant,
1731 3055 1797 3104 ut
1862 3044 2065 3105 relicto
2129 3058 2264 3124 post
2318 3067 2382 3108 se
2437 3049 2499 3107 in

514 3145 746 3206 Etruria
777 3143 967 3204 Decio
995 3145 1073 3204 ad
1103 3144 1566 3220 oppugnandam
1596 3141 1737 3202 inde
1761 3144 2019 3202 Romam
2049 3142 2249 3219 iturOS,
2281 3145 2497 3222 magni-

512 3245 624 3303 fice
653 3246 730 3304 de
760 3263 823 3303 se
849 3261 920 3301 ac
964 3240 1352 3319 contemptim
1388 3242 1466 3301 de
1510 3240 1797 3299 Romanis
1836 3243 2167 3317 loquenteS,
2197 3242 2493 3303 iactarent.

432 3361 492 3398 10
515 3344 679 3419 quod
719 3341 1023 3417 inceptum
1061 3360 1265 3399 eorum
1309 3338 1413 3399 ubi
1456 3340 1532 3399 ad
1574 3338 1827 3399 Decium
1867 3342 2171 3399 consulem
2208 3343 2495 3417 perlatum

515 3450 620 3512 est,
651 3440 729 3498 ad
759 3437 967 3497 urbem
996 3457 1068 3497 ex
1097 3435 1330 3496 Etruria
1358 3435 1585 3513 magnis
1624 3435 1930 3496 itineribus
1965 3436 2152 3514 pergit
2181 3449 2239 3497 et
2267 3438 2328 3497 in
2356 3459 2496 3517 agro

434 3559 487 3597 11
516 3535 860 3614 Pupiniensi
915 3537 993 3594 ad
1040 3537 1266 3608 ,famam
1338 3533 1599 3593 intentus
1664 3532 1925 3592 hostium
1988 3535 2271 3596 consedit.
2386 3559 2495 3598 nec

518 3638 749 3695 Romae
805 3632 1190 3710 spernebatur
1247 3632 1614 3692 Umbrorum
1673 3631 1916 3704 bellum,
1969 3642 2028 3691 et
2084 3632 2245 3709 ipsae
2301 3634 2495 3695 minae
