2909 4381
1376 278 1446 336 T.
1495 278 1671 339 LIVI

485 459 510 511 7
538 442 922 502 fluctuatione
951 441 1287 500 animorum
1313 441 1569 517 opprimi
1598 440 1868 501 incautos
1898 460 2089 518 posse.
2158 440 2250 500 his
2278 441 2522 501 auctori-

538 542 650 601 bus
680 552 843 601 mota
863 541 1105 618 propius
1143 551 1332 602 castra
1372 540 1656 617 missique
1685 542 1900 601 eodem
1936 552 2203 618 tempore
2233 541 2388 600 circa
2416 540 2524 599 tria

536 638 759 715 oppida
787 637 1017 711 militeS‚
1050 637 1262 714 partim
1301 638 1528 710 armati,
1561 636 1663 714 qui
1693 638 1911 698 occulti
1940 638 2275 716 propinqua
2304 639 2523 697 moeni-

537 733 649 794 bus
690 734 1016 794 insiderent
1057 736 1204 805 loca,
1250 733 1463 810 partim
1508 733 1690 811 togati
1734 737 1903 794 tectis
1945 746 2108 795 veste
2149 734 2374 812 gladiis,
2420 734 2522 811 qui

479 847 510 896 8
536 832 649 890 sub
676 834 870 891 lucem
899 831 1115 908 apertis
1144 831 1328 908 portis
1358 832 1535 891 urbes
1565 831 2024 908 ingrederentur.
2110 832 2188 891 ab
2226 832 2317 891 his
2347 832 2522 891 simul

536 931 813 989 custodes
837 928 1113 989 trucidari
1138 928 1352 1004 coepti,
1379 927 1555 988 simul
1585 931 1791 988 datum
1815 929 2047 1006 signum
2070 929 2324 1001 armatiS,
2357 939 2422 988 ut
2450 948 2522 988 ex

535 1025 763 1087 insidiis
792 1037 1233 1087 concurrerent.
1320 1026 1402 1085 ita
1438 1038 1644 1103 portae
1673 1038 1998 1104 occupatae
2037 1027 2264 1103 triaque
2301 1027 2522 1104 oppida

477 1146 509 1195 9
534 1127 745 1185 eadem
773 1127 919 1185 hora
947 1127 1285 1201 eodemque
1312 1124 1566 1183 consilio
1595 1136 1783 1201 capta.
1871 1127 1978 1185 sed
2008 1124 2148 1201 quia
2175 1124 2520 1183 absentibus

533 1221 788 1282 ducibus
838 1221 1094 1298 impetus
1144 1232 1234 1281 est
1284 1223 1488 1292 factuS,
1536 1224 1731 1280 nullus
1782 1224 1995 1282 modus
2046 1221 2329 1281 caedibus
2376 1220 2484 1279 fuit
2502 1242 2521 1295 ς

533 1319 848 1395 deletaque
877 1321 1191 1378 Ausonum
1220 1337 1365 1395 gens
1394 1317 1491 1377 vix
1524 1327 1685 1377 certo
1714 1317 2065 1379 defectionis
2105 1317 2365 1391 crimine,
2398 1337 2521 1396 per-

534 1413 675 1476 inde
702 1434 773 1474 ae
802 1414 851 1474 si
879 1413 1243 1475 internecivo
1271 1414 1430 1474 bello
1460 1425 1757 1474 certasset.

426 1521 511 1580 26
620 1511 853 1571 Eodem
880 1530 1042 1570 anno
1070 1510 1307 1588 prodito
1336 1509 1608 1570 hostibus
1641 1513 1919 1571 Romano
1948 1510 2243 1589 praesidio
2274 1512 2520 1571 Luceria

481 1635 506 1668 2
535 1608 889 1669 Samnitium
918 1609 1086 1669 facta.
1174 1627 1287 1668 nec
1327 1608 1432 1669 diu
1477 1607 1879 1685 proditoribus
1920 1607 2215 1686 impunita
2256 1629 2346 1668 res
2374 1607 2517 1667 fuit:

533 1707 695 1766 haud
750 1708 957 1783 procul
1007 1705 1149 1766 inde
1204 1705 1493 1767 exercitus
1551 1708 1861 1766 Romanus
1917 1716 2054 1778 erat,
2114 1704 2283 1764 cuius
2330 1704 2519 1781 primo

532 1802 758 1881 impetu
787 1804 927 1864 urbs
958 1802 1069 1863 sita
1096 1803 1158 1863 in
1186 1804 1368 1880 plano
1396 1802 1640 1881 capitur.
1717 1801 1992 1862 Lucerini
2020 1821 2090 1861 ac
2120 1801 2411 1862 Samnites
2439 1803 2517 1862 ad

480 1923 510 1972 3
533 1900 1000 1961 internecionem
1029 1900 1201 1972 caesi,
1235 1919 1429 1977 eoque
1459 1900 1543 1959 ira
1570 1899 1871 1977 processit,
1903 1909 1969 1958 ut
1999 1901 2230 1959 Romae
2259 1918 2515 1976 quoque,

533 2017 671 2056 cum
716 1999 793 2057 de
834 1997 1062 2057 colonis
1105 1996 1410 2057 mittendis
1454 1997 1767 2057 Luceriam
1809 1998 2213 2057 consuleretur
2261 2006 2514 2069 senatuS,

477 2112 510 2161 4
537 2094 708 2154 multi
749 2095 1068 2154 delendam
1117 2093 1326 2153 urbem
1376 2104 1702 2154 censerent.
1804 2103 2032 2170 praeter
2081 2093 2301 2165 odium,
2353 2094 2518 2169 quod

534 2192 891 2253 exsecrabile
919 2192 982 2251 in
1010 2190 1101 2251 bis
1124 2203 1330 2268 captos
1353 2202 1491 2264 erat,
1517 2189 1916 2270 longinquitas
1945 2210 2185 2269 quoque
2206 2190 2518 2252 abhorrere

533 2309 571 2349 a
597 2289 926 2367 relegandis
955 2299 1077 2348 tam
1110 2291 1317 2365 procul
1354 2289 1433 2347 ab
1463 2291 1647 2349 domo
1681 2288 1909 2348 civibus
1939 2288 2089 2349 inter
2127 2298 2248 2347 tam
2278 2288 2517 2347 infestas

480 2412 508 2461 5
533 2398 739 2464 gentes
768 2386 1034 2463 cogebat.
1093 2385 1233 2445 vicit
1254 2396 1456 2445 tamen
1485 2385 1792 2459 sententia,
1818 2396 1884 2445 ut
1905 2385 2273 2446 mitterentur
2301 2385 2514 2445 coloni.

534 2486 658 2544 duo
687 2482 848 2542 milia
876 2494 934 2542 et
963 2481 1270 2558 quingenti
1299 2481 1477 2542 missi.

620 2582 854 2641 Eodem
881 2599 1058 2653 anno,
1091 2599 1227 2639 cum
1257 2579 1461 2639 omnia
1498 2578 1680 2640 infida
1716 2581 2003 2639 Romanis
2032 2590 2242 2653 essent,
2276 2579 2519 2657 Capuae

479 2699 513 2750 6
535 2699 776 2756 quoque
804 2678 1073 2739 occultae
1100 2675 1433 2754 principum
1464 2675 1897 2736 coniurationes
1926 2679 2132 2738 sactae.
2198 2679 2274 2737 de
2303 2677 2518 2754 quibus

536 2797 673 2837 cum
702 2776 781 2835 ad
809 2784 1080 2836 senatum
1109 2774 1358 2834 relatum
1387 2783 1556 2844 esset,
1600 2775 2059 2850 haudquaquam
2100 2776 2365 2851 neglecta
2392 2793 2481 2833 res
2505 2796 2517 2831 :

537 2872 912 2950 quaestiones
968 2872 1255 2944 decretae,
1320 2870 1790 2946 dictatoremque
1858 2870 2301 2946 quaestionibus
2366 2890 2518 2931 exer-

487 2991 512 3044 7
538 2968 743 3029 cendis
789 2967 906 3027 dici
961 2966 1198 3043 placuit.
1301 2968 1368 3028 C.
1424 2966 1699 3027 Maenius
1748 2965 1941 3027 dictus
1962 2988 1980 3040 3
2041 2967 2089 3026 is
2146 2969 2231 3026 M.
2284 2970 2516 3028 Folium

539 3067 879 3144 magistrum
936 3065 1202 3143 equitum
1260 3065 1424 3126 dixit.
1530 3066 1736 3143 ingens
1792 3077 1915 3125 erat
1970 3066 2337 3143 magistratus
2392 3067 2518 3127 eius

538 3175 735 3224 terror.
820 3163 1036 3240 itaque,
1082 3162 1204 3223 sive
1245 3162 1294 3221 is
1328 3161 1505 3222 timor
1542 3182 1646 3222 seu
1684 3162 2048 3222 conscientia
2083 3162 2208 3235 fuit,
2247 3163 2517 3224 Calavios

541 3259 757 3320 Ovium
815 3259 1196 3336 Noviumque
1216 3294 1291 3303 —
1310 3278 1381 3319 ea
1443 3258 1638 3335 capita
1700 3258 2120 3318 coniurationis
2175 3260 2404 3319 fuerant
2419 3295 2514 3331 —,

539 3357 878 3435 priusquam
908 3359 1351 3417 nominarentur
1377 3357 1538 3433 apud
1567 3355 1931 3428 dictatorem,
1963 3375 2120 3414 mors
2148 3357 2309 3415 haud
2338 3355 2518 3416 dubie

481 3466 511 3514 8
539 3454 618 3512 ab
663 3452 802 3529 ipsis
845 3453 1108 3513 conscita
1148 3452 1370 3513 iudicio
1413 3451 1713 3512 subtraxit.
1812 3451 2031 3512 deinde
2075 3462 2140 3510 ut
2188 3450 2518 3528 quaestioni

541 3553 883 3627 Campanae
930 3549 1174 3609 materia
1228 3548 1497 3622 decessit,
1547 3569 1711 3609 versa
1766 3552 2023 3608 Romam
2079 3548 2518 3626 interpretando

540 3668 667 3711 res:
730 3667 852 3709 non
901 3645 1250 3707 nominatim
1295 3645 1400 3723 qui
1448 3647 1707 3723 Capuae,
1759 3648 1865 3706 sed
1914 3645 1975 3704 in
2024 3645 2361 3705 universum
2414 3646 2518 3726 qui
