2909 4381
1339 242 1410 298 T.
1462 243 1634 299 LIVI

176 386 201 397 a·-

234 432 243 445 ›
280 428 325 451 ι’·
445 417 473 463 8
499 423 695 481 neque
733 404 846 464 illis
881 406 1177 464 sociorum
1208 401 1456 465 comitas
1486 406 1800 481 vultusque
1830 402 2071 482 benigni
2107 418 2165 466 et
2204 404 2484 483 adloquia

500 521 623 561 non
678 502 862 561 modo
918 520 1251 561 sermonem
1302 500 1530 573 elicere,
1584 504 1689 562 sed
1738 521 1815 561 ne
1871 513 1935 561 ut
1984 504 2188 562 oculos
2240 502 2482 579 quidem

500 599 832 656 attollerent
859 607 961 656 aut
991 599 1366 657 consolantes
1395 596 1620 658 amicos
1639 608 1845 658 contra
1862 597 2226 659 intuerentur
2256 600 2483 659 efficere

445 717 475 765 9
500 703 806 771 poterant:
849 695 1002 753 adeo
1041 713 1216 770 super
1254 714 1581 755 maerorem
1620 696 1813 771 pudor
1841 695 2085 773 quidam
2120 697 2318 773 fugere
2347 716 2483 755 con·

326 818 341 839 c
417 816 475 851 10
499 790 700 868 loquia
721 802 780 850 et
808 802 1013 852 coetus
1037 791 1348 851 hominum
1378 793 1648 870 cogebat.
1705 803 1943 869 postero
1962 792 2060 853 die
2085 812 2222 853 cum
2241 793 2481 852 iuvenes

500 889 747 960 nobiles,
794 888 954 948 missi
997 909 1034 947 a
1077 890 1299 966 Capua,
1347 899 1411 948 ut
1461 890 1901 965 proficiscentes
1952 892 2029 950 ad
2081 892 2258 949 finem
2311 891 2482 950 Cam-

414 1004 465 1040 11
499 992 719 1063 panum
777 997 1285 1063 prosequerentur,
1345 985 1718 1046 revertissent
1774 986 2087 1063 vocatique
2142 986 2203 1045 in
2260 985 2479 1046 curiam

499 1084 1019 1160 percunctantibus
1078 1083 1397 1144 maioribus
1443 1096 1586 1144 natu
1638 1086 1826 1144 multo
1871 1083 1982 1144 sibi
2034 1084 2374 1144 maestiores
2424 1093 2482 1143 et

497 1179 830 1241 abiectioris
893 1180 1074 1240 animi
1132 1180 1288 1241 visos
1350 1183 1665 1242 referrent:
1728 1183 1881 1241 adeo
1938 1181 2116 1241 silens
2172 1200 2242 1239 ac
2298 1200 2481 1258 prope

414 1304 468 1339 12
502 1289 730 1337 mutum
769 1298 982 1355 agmen
1016 1276 1325 1338 incessisse
1346 1300 1363 1352 3
1405 1277 1594 1338 iacere
1623 1277 1886 1339 indolem
1927 1278 2085 1337 illam
2125 1281 2482 1351 Romanam,

501 1375 849 1452 ablatosque
895 1396 1032 1434 cum
1079 1375 1255 1435 armis
1297 1374 1545 1447 animos,
1592 1395 1714 1434 non
1758 1377 2005 1435 reddere
2051 1377 2316 1448 salutem,
2358 1393 2480 1434 non

502 1472 891 1532 salutantibus
936 1474 1076 1533 dare
1116 1490 1483 1550 responsum,
1515 1492 1638 1533 non
1677 1472 1903 1532 hiscere
1947 1493 2307 1549 quemquam
2343 1490 2481 1549 prae

501 1579 660 1628 metu
691 1569 970 1646 potuisse,
1002 1580 1305 1647 tamquam
1335 1568 1657 1628 ferentibus
1686 1570 1884 1629 adhuc
1906 1567 2231 1628 cervicibus
2261 1568 2478 1645 iugum,

170 1710 197 1729 ›,
235 1720 238 1725 .
262 1696 341 1735 A„
406 1684 473 1732 ,13
501 1667 612 1726 sub
661 1669 825 1744 quod
883 1667 1045 1726 missi
1102 1678 1334 1741 essent3
1403 1667 1623 1726 habere
1673 1666 1965 1726 Samnites
2011 1665 2313 1726 victoriam
2360 1685 2479 1725 non

500 1766 856 1842 praeclaram
901 1768 1093 1825 solum
1139 1768 1244 1827 sed
1288 1765 1465 1825 etiam
1509 1776 1874 1843 perpetuam,
1918 1763 2142 1840 cepisse
2179 1763 2335 1824 enim
2380 1782 2482 1823 eos

500 1882 623 1921 non
665 1865 939 1934 Romam,
973 1863 1124 1921 sicut
1157 1874 1294 1921 ante
1326 1865 1547 1934 Gallos,
1580 1865 1702 1935 sed,
1736 1864 1899 1938 quod
1930 1863 2117 1920 multo
2146 1860 2481 1921 bellicosius

439 1966 474 2026 7
501 1953 687 2025 fuerit,
713 1957 1049 2013 Romanam
1074 1953 1347 2013 virtutem
1377 1953 1777 2030 ferociamque
1800 1974 2032 2012 z—cum
2057 1955 2203 2012 haec
2225 1953 2483 2013 diceren-

501 2061 594 2108 tur
634 2050 1092 2126 audirenturque
1136 2061 1194 2109 et
1236 2051 1609 2126 deploratum
1653 2069 1842 2126 paene
1885 2051 2225 2108 Romanurn
2262 2068 2481 2108 nomen

501 2145 559 2205 in
592 2145 845 2207 concilio
875 2145 1168 2208 sociorum
1200 2146 1465 2206 fidelium
1496 2156 1666 2218 esset,
1689 2145 1902 2205 dicitur
1924 2144 2158 2207 Ofillius
2189 2144 2478 2217 CalaviuS,

170 2283 179 2290 -
216 2245 638 2305 —---·rOvii
662 2245 832 2318 filius,
852 2248 1040 2305 clarus
1061 2264 1274 2322 genere
1297 2242 1601 2321 factisque,
1622 2254 1749 2303 turn
1769 2243 1946 2303 etiam
1965 2253 2155 2303 aetate
2173 2244 2478 2316 verenduS‚

447 2367 475 2414 3
501 2345 676 2419 longe
705 2342 870 2401 aliter
900 2363 962 2401 se
997 2343 1216 2401 habere
1259 2361 1381 2400 rem
1421 2340 1673 2401 dixisse:
1717 2339 2014 2401 silentium
2054 2341 2199 2400 illud
2229 2340 2483 2400 obstina-

501 2450 628 2499 tum
671 2440 936 2516 fixosque
978 2439 1039 2497 in
1083 2450 1295 2499 terram
1339 2440 1545 2498 oculos
1587 2448 1646 2497 et
1685 2439 1889 2497 surdas
1927 2438 2003 2496 ad
2039 2436 2239 2496 omnia
2269 2436 2484 2496 solacia

497 2556 667 2597 aures
711 2547 770 2596 et
807 2538 1097 2613 pudorem
1131 2535 1452 2596 intuendae
1491 2534 1637 2595 lucis
1673 2534 1972 2611 ingentem
2007 2536 2227 2594 molem
2269 2533 2482 2593 irarum

394 2621 399 2628 ⁸
442 2651 473 2698 4
499 2656 570 2695 ex
599 2637 719 2695 alto
746 2634 929 2696 animi
959 2633 1166 2695 cientis
1195 2633 1415 2694 indicia
1443 2653 1592 2694 esse.
1674 2643 1775 2693 aut
1809 2634 2084 2692 Romana
2117 2651 2182 2692 se
2221 2633 2484 2709 ignorare

499 2734 750 2811 ingenia,
770 2744 872 2794 aut
903 2732 1198 2794 silentium
1229 2733 1376 2793 illud
1396 2730 1759 2792 Samnitibus
1778 2730 2002 2790 flebiles
2020 2729 2181 2791 brevi
2199 2733 2483 2791 clamores

498 2832 869 2910 gemitusque
889 2831 1297 2904 excitaturum,
1314 2829 1741 2906 Caudinaeque
1760 2828 1921 2905 pacis
1938 2827 2242 2905 aliquanto
2260 2826 2484 2888 Samni·

446 2959 473 3006 5
501 2931 658 2990 tibus
688 2950 867 3007 quam
892 2928 1182 2989 Romanis
1206 2928 1520 2988 tristiorem
1543 2926 1889 2987 memoriam
1912 2928 2035 2986 fore
2057 2947 2074 3000 3
2108 2926 2327 3004 quippe
2345 2944 2483 2986 suos

500 3047 800 3106 quemque
830 3046 1034 3087 eorum
1065 3025 1295 3086 animos
1336 3025 1692 3098 habiturum,
1725 3023 2090 3101 ubicumque
2119 3021 2483 3101 congressuri

502 3125 653 3200 sint3
696 3127 876 3185 saltus
908 3123 1214 3186 Caudinos
1243 3143 1367 3184 non
1394 3122 1617 3200 ubique
1647 3120 2010 3182 Samnitibus
2040 3122 2178 3181 fore.

448 3235 477 3282 6
586 3222 714 3281 Iam
767 3224 998 3280 Romae
1055 3219 1233 3279 etiam
1291 3240 1396 3278 sua
1451 3217 1684 3278 infamis
1741 3218 1938 3277 clades
1986 3227 2122 3276 erat.
2210 3217 2483 3276 obsessos

504 3316 757 3394 primum
829 3317 1179 3390 audierunt3
1249 3315 1466 3375 tristior
1537 3314 1754 3375 deinde
1824 3312 2253 3390 ignominiosae
2324 3312 2482 3390 pacis

452 3435 476 3482 7
505 3415 687 3491 magis
745 3435 923 3493 quam
975 3413 1217 3491 periculi
1267 3413 1507 3472 nuntius
1555 3411 1679 3471 fuit.
1764 3412 1843 3469 ad
1890 3412 2109 3469 famam
2157 3409 2483 3470 obsidionis

503 3513 753 3573 dilectus
805 3511 1009 3572 haberi
1052 3522 1298 3588 coeptus
1349 3521 1515 3582 erat3
1555 3507 1832 3568 dimissus
1876 3507 2093 3566 deinde
2135 3507 2481 3566 auxiliorum

503 3621 833 3688 apparatu3‚
879 3620 1198 3686 postquam
1247 3608 1617 3668 deditionem
1667 3616 1787 3665 tam
1838 3606 2013 3665 foede
2058 3607 2273 3664 factam
2321 3623 2481 3664 acce·

238 1021 329 1089 <j
