2909 4381
1291 248 1365 306 T.
1411 247 1622 321 L1vr

394 427 426 476 4
449 408 620 470 vobis
648 408 1030 488 comparastis
1051 430 1068 484 3
1109 411 1276 482 haec,
1299 418 1542 488 propter
1568 428 1750 486 quarn
1779 410 1903 470 duo
1933 408 2220 485 exercitus
2249 411 2442 470 Aven-

450 505 643 566 tinum
692 507 1028 582 insedistis3
1082 509 1249 581 haec,
1304 527 1459 584 quae
1500 507 1807 568 faenebres
1858 510 2033 584 legeS,
2079 510 2244 579 haec,
2288 526 2442 583 quae

397 625 425 674 5
448 604 699 681 agrarias
728 624 960 682 semper
987 603 1371 683 impugnavit.
1450 606 1599 665 haec
1628 603 1888 664 conubia
1908 615 2142 682 patrum
2171 615 2230 665 et
2251 602 2442 681 plebis

450 701 758 780 interrupit
769 724 787 777 3
834 705 983 762 haec
1011 701 1174 780 plebi
1201 704 1279 763 ad
1308 704 1540 762 curules
1582 701 1954 779 magistratus
1982 702 2092 763 iter
2119 702 2438 778 obsaepsit.

451 802 568 859 hoc
606 810 695 859 est
737 819 959 859 nomen
997 802 1186 860 multo
1214 819 1394 877 quam
1424 799 1884 877 Tarquiniorum
1922 799 2189 860 infestius
2218 809 2443 860 vestrae

397 905 429 956 6
452 894 722 956 libertati.
808 896 968 956 itane
1004 898 1266 970 tandem,
1302 900 1416 974 Ap.
1450 896 1713 959 Claudi?
1754 917 1893 957 curn
1931 895 2289 957 centesimus
2323 894 2442 956 iam

451 1014 643 1054 annus
681 993 756 1054 sit
793 996 871 1056 ab
911 997 1098 1054 Mam.
1129 994 1387 1056 Aemilio
1429 994 1735 1069 dictatore,
1765 1006 1856 1056 tot
1893 1014 2169 1056 censores
2207 993 2439 1067 fuerint,

448 1090 805 1152 'nobilissimi
832 1091 1252 1169 fortissimique
1275 1091 1398 1166 viri,
1421 1112 1602 1152 nemo
1631 1113 1837 1153 eorum
1859 1091 2181 1153 duodecim
2211 1092 2443 1151 tabulas

451 1187 635 1266 legit?
676 1207 856 1248 nemo
896 1187 960 1249 id
1001 1187 1092 1248 ius
1135 1208 1280 1262 esse,
1313 1191 1479 1267 quod
1521 1201 1823 1268 postremo
1862 1192 2119 1269 populus
2157 1189 2439 1260 iussisset,

402 1303 429 1359 7
453 1285 629 1346 sciit?
684 1285 870 1346 immo
899 1306 1039 1347 vero
1081 1306 1290 1347 omnes
1332 1287 1593 1348 scierunt
1634 1298 1693 1348 et
1730 1287 1869 1348 ideo
1912 1287 2202 1348 Aemiliae
2244 1285 2443 1364 potius

451 1383 568 1462 legi
616 1395 934 1461 paruerunt
983 1404 1163 1465 quam
1212 1383 1296 1443 illi
1343 1384 1639 1462 antiquae,
1694 1406 1812 1463 qua
1856 1385 2113 1462 primum
2170 1404 2443 1445 censores

453 1481 634 1541 creati
662 1491 841 1557 erant,
876 1480 1015 1558 quia
1043 1484 1198 1541 hanc
1227 1493 1589 1559 postremam
1627 1482 1873 1543 iusserat
1911 1486 2168 1561 populus
2196 1493 2257 1542 et
2284 1481 2441 1559 quia,

453 1578 560 1639 ubi
601 1581 756 1639 duae
798 1578 1125 1640 contrariae
1173 1582 1332 1657 leges
1382 1592 1536 1654 sunt,
1591 1601 1824 1659 semper
1871 1580 2151 1657 antiquae
2197 1579 2445 1655 obrogat

401 1689 430 1737 8
455 1696 628 1736 nova.
713 1696 792 1736 an
831 1677 948 1736 hoc
990 1674 1156 1749 dicis,
1190 1676 1367 1755 Appi,
1399 1697 1523 1738 non
1567 1678 1752 1739 teneri
1790 1677 2045 1738 Aemilia
2086 1680 2215 1754 lege
2256 1695 2443 1754 popu·

399 1793 431 1844 9
455 1776 626 1834 lum?
685 1792 763 1833 an
805 1775 1094 1851 populum
1136 1776 1339 1848 teneri,
1385 1785 1444 1835 te
1487 1796 1675 1835 unum
1718 1777 1982 1853 exlegem
2024 1777 2198 1835 esse?
2256 1771 2445 1834 tenuit

456 1871 713 1932 Aemilia
749 1874 843 1932 lex
867 1871 1159 1933 violentos
1198 1872 1331 1933 illos
1369 1893 1644 1934 censores
1675 1874 1743 1935 C.
1778 1873 2020 1933 Furium
2051 1884 2112 1933 et
2141 1875 2226 1932 M.
2260 1873 2446 1948 Gega-

455 1969 638 2042 nium,
672 1969 789 2047 qui,
832 1969 978 2047 quid
1021 1969 1132 2030 iste
1173 1969 1543 2046 magistratus
1586 1968 1646 2029 in
1689 1989 1751 2030 re
1792 1969 2032 2047 publica
2073 1969 2214 2028 mali
2255 1971 2445 2028 facere

457 2079 680 2145 posset,
698 2066 1050 2140 indicarunt,
1072 2086 1210 2127 cum
1232 2066 1316 2126 ira
1337 2066 1540 2127 finitae
1561 2065 1868 2144 potestatis
1892 2069 2081 2128 Mam.
2102 2065 2441 2139 Aemilium,

456 2163 784 2243 principem
831 2163 1039 2225 aetatis
1090 2184 1231 2225 suae
1278 2163 1418 2225 belli
1467 2163 1770 2242 domique,
1813 2163 2102 2225 aerarium
2145 2165 2447 2238 fecerunt3

374 2286 434 2322 10
458 2262 648 2323 tenuit
704 2262 986 2341 deinceps
1044 2282 1254 2324 omnes
1311 2282 1588 2324 censores
1650 2262 1804 2323 intra
1857 2274 2100 2324 centum
2155 2282 2445 2322 annorum

459 2359 754 2436 spatium3
794 2370 957 2420 tenet
995 2361 1062 2423 C.
1098 2359 1415 2434 Plautium,
1456 2362 1745 2437 collegam
1786 2370 1973 2432 tuum,
2006 2359 2217 2420 iisdem
2260 2357 2449 2434 auspi-

378 2485 430 2519 11
460 2456 583 2529 ciis,
627 2458 843 2517 eodem
885 2456 1010 2518 iure
1059 2468 1339 2518 creatum.
1424 2476 1506 2516 an
1555 2458 1718 2516 hunc
1766 2476 1909 2531 non,
1951 2465 2018 2516 ut
2067 2454 2170 2532 qui
2219 2454 2448 2532 optimo

459 2551 585 2615 iure
614 2574 824 2615 censor
850 2564 1079 2615 creatus
1114 2565 1286 2629 esset,
1314 2556 1573 2633 populus
1599 2552 1867 2624 creavit?
1907 2562 1974 2613 tu
2010 2572 2165 2613 unus
2199 2550 2449 2612 eximius

376 2673 433 2709 12
460 2672 538 2726 eS,
581 2652 644 2711 in
682 2672 804 2729 quo
845 2654 963 2713 hoc
1004 2651 1388 2730 praecipuum
1429 2670 1503 2712 ac
1543 2650 1835 2728 singulare
1872 2652 2107 2710 valeat?
2163 2668 2343 2726 quem
2385 2658 2451 2708 tu

459 2770 658 2828 regem
700 2748 1120 2810 sacrificiorum
1163 2752 1370 2810 crees?
1422 2751 1730 2827 amplexus
1771 2746 1936 2825 regni
1973 2766 2213 2820 nomen,
2243 2757 2310 2806 ut
2348 2746 2452 2822 qui

461 2847 690 2925 optimo
719 2847 844 2908 iure
871 2868 973 2908 rex
1001 2850 1234 2907 Romae
1261 2858 1492 2908 creatus
1520 2846 1611 2921 sit,
1643 2856 1907 2907 creatum
1936 2866 1999 2906 se
2028 2845 2204 2906 dicet.
2271 2864 2451 2921 quem

463 2944 729 3005 semestri
771 2943 1078 3018 dictatura,
1122 2963 1302 3021 quem
1344 2944 1680 3022 interregno
1722 2943 1987 3021 quinque
2036 2942 2266 3003 dierum
2316 2962 2454 3002 con·

465 3053 695 3102 tentum
724 3043 849 3101 fore
877 3043 1094 3119 putes?
1175 3060 1356 3117 quem
1385 3040 1537 3102 clavi
1573 3040 1795 3119 figendi
1831 3051 1934 3102 aut
1968 3042 2247 3101 ludorum
2276 3059 2455 3100 causa

378 3159 438 3211 13
465 3138 816 3200 dictatorem
843 3139 1126 3199 audacter
1152 3140 1364 3199 crees?
1445 3157 1626 3215 quam
1665 3138 1762 3199 isti
1799 3137 2047 3199 stolidos
2074 3158 2146 3199 ac
2174 3140 2454 3199 socordes

465 3235 652 3297 videri
701 3234 937 3295 creditis
983 3254 1103 3308 eOS,
1156 3234 1260 3312 qui
1309 3234 1464 3295 intra
1509 3234 1857 3296 vicesimum
1907 3234 2067 3296 diem
2116 3233 2454 3311 ingentibus

465 3334 640 3394 rebus
682 3332 859 3411 gestis
902 3332 1194 3394 dictatura
1235 3353 1298 3393 se
1340 3331 1769 3393 abdicaverunt
1809 3344 1912 3394 aut
1952 3332 2062 3411 qui
2092 3331 2237 3392 vitio
2275 3330 2456 3391 creati

381 3455 442 3505 14
464 3431 738 3492 abierunt
756 3430 1141 3508 magistratu?
1181 3430 1327 3507 quid
1350 3419 1462 3508 ego
1484 3432 1729 3510 antiqua
1748 3433 2055 3509 repetam?
2093 3449 2282 3507 nuper
2304 3431 2457 3489 intra

465 3531 676 3590 decem
719 3547 909 3589 annos
953 3528 1021 3590 C.
1064 3527 1340 3589 Maenius
1382 3526 1656 3604 dictator,
1697 3526 1853 3606 quia,
1896 3547 2035 3588 cum
2076 3527 2455 3605 quaestiones

465 3625 738 3700 severim,
771 3645 952 3705 quam
981 3624 1341 3704 quibusdam
1369 3624 1715 3705 potentibus
1743 3635 1939 3686 tutum
1967 3636 2109 3698 erat,
2138 3633 2450 3695 exerceret,
