2909 4381
775 228 883 284 AB
929 227 1153 284 VRBE
1197 227 1584 287 CONDITA
1630 229 1787 286 LIB.
1837 230 1942 286 1x.
1992 247 2044 303 3,
2076 247 2113 299 4

455 387 663 445 frustra
681 386 851 445 multi
873 396 1120 446 conatus
1143 389 1220 447 ad
1243 389 1676 465 erumpendum
1700 390 1856 465 capti
1879 399 2075 448 essent
2097 398 2154 448 et
2173 386 2290 446 iam
2313 406 2435 445 om·
2497 432 2560 495 ἱ.

442 472 618 542 ¹nium
642 503 835 542 rerum
856 483 1056 561 inopia
1078 493 1248 556 esset,
1272 483 1411 543 victi
1433 484 1782 544 necessitate
1804 487 2026 561 legatos
2050 484 2307 554 mittunt,
2333 482 2434 559 qui
2462 507 2485 539 2
2500 467 2703 587 7:22:
2727 479 2843 586 ’ἶ

452 577 705 654 primum
730 598 938 657 pacem
967 600 1218 657 aequam
1243 591 1509 657 peterent
1530 603 1547 654 ;
1585 581 1634 640 si
1656 601 1863 658 pacem
1887 600 2010 640 non
2039 582 2432 658 impetrarent,
2505 613 2553 668 ‘s
2570 567 2828 648 „042⁶ss

453 674 537 734 uti
575 688 963 764 provocarent
997 679 1076 737 ad
1114 697 1389 755 pugnam.
1478 688 1605 737 tum
1642 677 1887 738 Pontius
1916 677 2277 738 debellatum
2307 696 2435 736 esse
2461 698 2488 746 3

452 774 756 850 respondit
798 784 873 846 et,
919 774 1201 851 quoniam
1243 795 1321 835 ne
1363 774 1504 833 victi
1545 774 1787 851 quidem
1830 795 1900 834 ac
1943 774 2099 851 capti
2141 775 2434 833 fortunam

451 869 616 929 fateri
659 869 890 943 scirent,
923 870 1175 930 inermes
1219 890 1356 930 cum
1399 870 1643 947 singulis
1679 870 2040 930 vestimentis
2084 870 2196 929 sub
2234 869 2434 945 iugum
2494 887 2565 938 a,
2584 895 2773 958 suu

452 966 804 1040 missurum3
843 966 986 1025 alias
1026 966 1411 1027 condiciones
1452 965 1614 1044 pacis
1653 986 1873 1044 aequas
1903 966 2069 1025 victis
2103 985 2174 1024 ac
2202 964 2432 1025 victori·
2511 978 2693 1016 *ms-0·
2735 974 2804 1018 e.

452 1063 562 1122 bus
598 1065 757 1123 fore:
801 1063 851 1122 si
887 1083 1029 1140 agro
1058 1063 1411 1122 Samnitium
1452 1065 1854 1136 decederetur,
1888 1061 2155 1131 coloniae
2184 1063 2437 1121 abduce·
2458 1078 2491 1127 4
2514 1058 2807 1103 ω”ίδννν

451 1169 665 1232 rentur,
717 1158 837 1218 suis
887 1159 1045 1242 Q
1077 1158 1304 1236 legibus
1358 1162 1700 1218 Romanum
1750 1178 1820 1219 ac
1870 1157 2193 1218 Samnitem
2243 1176 2437 1234 aequo
2516 1145 2573 1193 ὢ
2585 1172 2594 1179 ·
2623 1135 2695 1183 ‘f'

451 1258 689 1316 foedere
719 1255 1009 1316 victurum
1029 1278 1046 1330 3
1089 1255 1180 1315 his
1203 1256 1658 1317 condicionibus
1688 1247 1956 1333 paratum
1985 1276 2048 1315 se
2071 1275 2199 1314 esse
2228 1255 2437 1314 foedus
2463 1271 2489 1318 5

451 1371 588 1410 cum
631 1353 976 1411 consulibus
1023 1351 1193 1435 {eri—re
1215 1376 1232 1426 ;
1287 1353 1336 1413 si
1387 1355 1534 1429 quid
1584 1373 1789 1412 eorum
1838 1353 2161 1430 displiceat,
2214 1354 2437 1427 legatos

451 1448 637 1508 redire
665 1451 743 1508 ad
773 1469 836 1508 se
866 1448 1069 1508 vetuit.
1153 1451 1301 1509 haec
1336 1470 1474 1509 cum
1514 1450 1728 1526 legatio
1764 1449 2207 1520 renuntiaretur,
2239 1457 2434 1505 tantus
2458 1457 2492 1508 6

450 1544 700 1620 gemitus
742 1545 1010 1604 omnium
1051 1545 1248 1606 subito
1288 1556 1523 1606 exortus
1567 1557 1654 1605 est
1698 1556 1979 1622 tantaque
2025 1543 2313 1604 maestitia
2354 1542 2436 1630 in·

452 1640 657 1726 Cfffii-tr
688 1650 752 1700 ut
796 1662 918 1701 non
966 1642 1195 1718 gravius
1244 1641 1543 1719 accepturi
1585 1640 1935 1716 viderentur,
1982 1641 2031 1699 si
2073 1641 2436 1699 nuntiaretur

452 1737 729 1797 omnibus
759 1758 832 1798 eo
860 1741 995 1798 loco
1026 1750 1275 1798 mortem
1305 1738 1709 1815 oppetendam
1737 1757 1881 1796 esse.
1970 1755 2107 1795 cum
2135 1735 2238 1795 diu
2268 1735 2435 1793 silen-
2461 1748 2485 1800 7

452 1832 597 1892 tium
647 1834 850 1894 fuisset
900 1855 1011 1895 nec
1060 1837 1334 1894 consules
1383 1845 1485 1894 aut
1534 1854 1641 1912 pro
1690 1835 1926 1893 foedere
1978 1843 2097 1891 tam
2141 1831 2293 1908 turpi
2334 1842 2436 1892 aut

452 1942 655 1990 contra
711 1933 920 1991 foedus
978 1942 1098 1991 tam
1157 1931 1551 1991 necessarium
1602 1929 1827 1991 hiscere
1876 1939 2133 2007 possent,
2188 1939 2313 1987 tum
2365 1929 2431 1986 L.

457 2030 760 2101 LentuluS,
803 2028 906 2104 qui
948 2028 1220 2105 princeps
1266 2030 1591 2105 legatorum
1635 2028 1846 2088 virtute
1887 2037 2067 2112 atque
2109 2025 2435 2086 honoribus
2499 2040 2693 2115 ssu«
2720 2069 2793 2137 7,

452 2137 588 2199 erat,
643 2131 898 2204 ‘patrem
943 2128 1176 2186 meum’
1219 2125 1426 2203 inquit,
1492 2126 1813 2198 ‘consuleS‚
1861 2144 2036 2203 saepe
2077 2123 2275 2183 audivi
2319 2142 2434 2182 me·
2460 2135 2636 2185 sca-f..
2649 2150 2788 2189 1⁶42-

454 2232 780 2282 morantem
811 2242 874 2282 se
896 2221 958 2281 in
976 2222 1275 2300 Capitolio
1306 2243 1491 2282 unum
1522 2241 1646 2281 non
1675 2222 1854 2282 fuisse
1871 2231 2172 2281 auctorem
2205 2219 2433 2279 senatui
2497 2259 2508 2268 -

451 2318 829 2379 redimendae
857 2338 999 2379 auro
1021 2339 1057 2379 a
1080 2318 1264 2379 Gallis
1295 2318 1559 2391 civitatis,
1587 2320 1831 2395 quando
1852 2337 1965 2378 nec
1985 2320 2143 2378 fossa
2163 2319 2434 2393 valloque
2477 2309 2600 2390 ead,
2679 2321 2684 2324 ⁷

450 2392 1502 2493 affl
1117 2415 1783 2499 p-eraaffllniendum
1823 2417 1995 2476 hoste
2024 2414 2208 2474 clausi
2238 2423 2434 2474 essent

451 2521 510 2570 et
547 2531 852 2589 erumpere
891 2512 940 2571 si
978 2532 1102 2571 non
1131 2511 1258 2573 sine
1298 2532 1515 2589 magno
1555 2512 1833 2589 periculo,
1873 2522 2072 2572 tamen
2107 2511 2434 2597 sinete-:fita

452 2607 709 2684 pernicie
751 2619 1009 2685 possent.
1098 2609 1260 2683 quod
1304 2610 1369 2681 si,
1408 2607 1522 2667 illis
1566 2619 1630 2667 ut
1672 2610 1979 2668 decurrere
2022 2627 2093 2666 ex
2137 2606 2433 2684 Capitolio
2456 2631 2486 2679 9

449 2705 684 2765 armatis
726 2704 789 2764 in
830 2707 1062 2765 hostem
1106 2704 1284 2776 licuit,
1319 2725 1440 2782 quo
1485 2725 1660 2783 saepe
1699 2707 1885 2765 modo
1925 2703 2150 2764 obsessi
2191 2705 2253 2762 in
2281 2703 2434 2763 obsi·

449 2805 657 2862 dentes
686 2812 1017 2878 eruperunt,
1049 2802 1129 2861 ita
1158 2802 1331 2862 nobis
1360 2822 1555 2879 aequo
1582 2814 1683 2862 aut
1712 2802 1918 2879 iniquo
1946 2804 2081 2861 loco
2109 2800 2432 2862 dimicandi

449 2900 865 2959 tantummodo
894 2918 1030 2958 cum
1060 2899 1231 2958 hoste
1260 2898 1432 2975 copia
1462 2910 1630 2971 esset,
1664 2918 1788 2958 non
1818 2897 1964 2958 mihi
1993 2898 2221 2978 paterni
2250 2896 2431 2956 animi

448 2994 678 3056 indoles
720 2994 782 3053 in
824 2993 1072 3055 consilio
1115 2996 1317 3055 dando
1358 2997 1607 3055 deesset.
1696 2994 1975 3072 equidem
2025 3005 2275 3055 mortem
2324 3013 2432 3070 pro
2463 3015 2521 3051 10

448 3091 634 3168 patria
661 3093 1018 3168 praeclaram
1047 3110 1175 3150 esse
1204 3093 1390 3150 fateor
1418 3102 1478 3151 et
1507 3111 1603 3150 me
1631 3093 1725 3151 vel
1754 3092 2044 3151 devovere
2072 3110 2179 3167 pro
2207 3091 2432 3166 populo

451 3190 726 3248 Romano
755 3187 1203 3265 legionibusque
1226 3190 1318 3247 vel
1346 3187 1409 3246 in
1439 3189 1668 3248 medios
1699 3187 2014 3247 immittere
2044 3188 2243 3246 hostes
2274 3205 2432 3262 para-

449 3296 539 3344 tus
569 3305 738 3359 sum3
781 3286 886 3345 sed
920 3285 1017 3344 hic
1055 3283 1299 3361 patriam
1331 3283 1524 3356 vide0,
1558 3284 1653 3343 hic
1692 3282 1985 3360 quidquid
2022 3285 2426 3342 Romanarum
2461 3302 2514 3337 11

448 3382 744 3458 legionum
775 3393 879 3453 est,
906 3400 1078 3458 quae,
1099 3380 1211 3440 nisi
1239 3400 1444 3477 pro—{2
1459 3380 1601 3457 ipsis
1625 3383 1702 3441 ad
1730 3391 1980 3441 mortem
2011 3398 2175 3440 ruere
2203 3381 2425 3451 volunt,

448 3479 592 3553 quid
634 3477 872 3547 habent,
904 3478 1069 3554 quod
1099 3488 1287 3536 morte
1317 3496 1422 3537 sua
1457 3481 1731 3538 servent?
1776 3482 1982 3538 “tecta
2022 3477 2181 3536 urbis
2199 3477 2231 3505 ’'
2270 3475 2427 3535 dicat
2457 3501 2511 3534 12

447 3575 658 3652 aliquis
690 3579 803 3635 “et
846 3574 1081 3633 moenia
1123 3585 1182 3635 et
1223 3595 1353 3634 eam
1394 3576 1642 3650 turbam,
1672 3596 1708 3634 a
1750 3595 1867 3653 qua
1909 3575 2047 3633 urbs
2086 3572 2360 3632 incolitur
2377 3573 2423 3633 ”.
