2909 4381
1348 256 1419 315 T.
1471 255 1647 313 LIVI

508 419 784 489 Corvum,
818 418 887 478 C.
935 417 1229 476 Marcium
1270 416 1560 490 Rutilum,
1593 416 1660 479 C.
1706 415 2050 493 Sulpicium,
2092 418 2162 475 T.
2198 418 2493 475 Manlium

505 517 892 591 Torquatum,
921 516 995 589 Q.
1023 515 1340 574 Publilium
1373 513 1701 585 Philonem,
1731 516 1796 572 L.
1832 512 2130 591 Papirium
2156 515 2489 586 Cursorem,

509 613 584 686 Q.
660 611 908 672 Fabium
982 612 1329 684 Maximum,
1400 614 1553 672 duos
1631 612 1868 683 DeciOS,
1945 614 2007 669 L.
2080 613 2488 683 Volumnium,

448 728 480 778 9
511 710 612 768 M'.
660 708 952 770 Curium?
1007 707 1290 786 deinceps
1333 708 1602 786 ingentes
1637 719 1915 768 secuntur
1956 706 2078 780 viri,
2121 707 2170 767 si
2200 707 2495 768 Punicum

510 809 788 866 Romano
842 804 1249 883 praevertisset
1302 805 1527 866 bellum
1575 806 1888 881 seniorque
1935 804 1998 864 in
2054 805 2288 864 Italiam
2333 804 2497 864 traie-

421 924 482 960 10
507 901 698 963 cisset.
786 905 998 962 horum
1047 902 1108 984 in
1165 904 1433 980 quolibet
1483 922 1620 961 cum
1667 902 1898 962 indoles
1956 904 2181 975 eadem,
2236 922 2390 978 quae
2433 901 2496 961 in

507 1002 860 1072 AlexandrO,
899 1010 1022 1060 erat
1063 1000 1244 1059 animi
1283 998 1639 1076 ingeniique,
1687 1010 1813 1059 tum
1857 998 2170 1076 disciplina
2212 998 2491 1070 militariS,

507 1095 624 1155 iam
653 1095 795 1156 inde
816 1097 892 1155 ab
921 1095 1101 1155 initiis
1119 1096 1280 1156 urbis
1309 1096 1523 1156 tradita
1551 1116 1657 1172 per
1684 1116 1912 1170 manus,
1944 1095 2006 1155 in
2034 1095 2171 1155 artis
2200 1095 2497 1173 perpetuis

423 1214 476 1249 11
506 1191 835 1270 praeceptis
879 1192 1184 1253 ordinatae
1227 1194 1476 1253 modum
1519 1204 1772 1253 venerat.
1860 1195 1940 1252 ita
1988 1212 2151 1270 reges
2199 1203 2498 1269 gesserant

508 1289 685 1363 bella,
740 1288 821 1347 ita
875 1288 1095 1349 deinde
1160 1300 1460 1350 exactores
1522 1309 1724 1365 regum
1789 1289 1947 1348 Iunii
2003 1288 2356 1365 Valeriique,
2417 1288 2498 1347 ita

509 1386 790 1462 deinceps
848 1384 1032 1458 Fabii,
1094 1384 1378 1461 Quinctii,
1437 1384 1716 1458 Cornelii,
1775 1384 1856 1444 ita
1913 1384 2122 1445 Furius
2191 1384 2495 1457 CamilluS,

509 1501 687 1559 quem
724 1481 965 1541 iuvenes
1001 1481 1057 1553 ii,
1101 1482 1318 1558 quibus
1356 1501 1495 1541 cum
1533 1483 1872 1542 Alexandro
1912 1481 2321 1543 dimicandum
2357 1492 2494 1554 erat,

422 1593 477 1627 12
509 1596 712 1636 senem
743 1576 1027 1637 viderant.
1114 1578 1384 1638 militaria
1412 1598 1592 1654 opera
1621 1581 1944 1655 pugnando
1973 1578 2220 1638 obeunti
2249 1580 2499 1638 Alexan-

509 1677 839 1735 dro—nam
886 1695 957 1736 ea
1001 1695 1242 1753 quoque
1292 1678 1453 1736 haud
1504 1675 1698 1735 minus
1748 1677 1969 1735 clarum
2013 1695 2151 1735 eum
2194 1675 2499 1734 faciunt—

508 1770 778 1831 cessisset
821 1771 1095 1832 videlicet
1135 1771 1198 1832 in
1237 1771 1366 1833 acie
1408 1772 1643 1834 oblatus
1692 1792 1795 1849 par
1847 1771 2108 1832 Manlius
2157 1775 2497 1848 Torquatus

507 1880 608 1928 aut
657 1869 924 1928 Valerius
982 1871 1225 1941 CorvuS,
1280 1868 1538 1946 insignes
1592 1880 1731 1928 ante
1788 1867 2001 1928 milites
2058 1887 2237 1945 quam
2292 1869 2494 1941 duceS,

424 1988 482 2036 13
508 1965 820 2026 cessissent
878 1965 1065 2037 Decii,
1126 1966 1355 2026 devotis
1412 1966 1757 2042 corporibus
1828 1965 1889 2024 in
1947 1967 2181 2025 hostem
2242 1976 2494 2037 ruenteS,

507 2061 779 2122 cessisset
823 2062 1086 2138 Papirius
1135 2063 1355 2123 Cursor
1403 2061 1505 2121 illo
1548 2060 1808 2139 corporis
1857 2062 2084 2133 robore,
2131 2061 2233 2120 illo
2275 2060 2498 2121 animi!

423 2187 482 2238 14
509 2158 696 2220 victus
739 2169 894 2219 esset
935 2157 1194 2219 consiliis
1237 2156 1464 2219 iuvenis
1507 2157 1696 2233 uniuS,
1744 2178 1820 2218 ne
1864 2157 2122 2235 singulos
2173 2157 2498 2232 nominem,

508 2268 746 2317 senatus
774 2257 889 2329 ille,
923 2275 1100 2332 quem
1132 2255 1233 2332 qui
1264 2276 1335 2315 ex
1363 2255 1596 2333 regibus
1635 2267 1905 2316 constare
1944 2255 2090 2315 dixit
2119 2276 2271 2314 unus
2300 2275 2499 2315 veram

424 2377 482 2428 15
509 2353 768 2430 speciem
800 2351 1059 2411 Romani
1102 2364 1339 2413 senatus
1374 2352 1532 2429 cepit
1559 2358 1570 2412 l
1628 2351 1691 2413 id
1718 2373 1858 2413 vero
1886 2364 2007 2412 erat
2046 2353 2391 2429 periculum,
2423 2373 2501 2413 ne

508 2450 798 2510 sollertius
837 2468 1016 2525 quam
1053 2447 1302 2525 quilibet
1341 2469 1495 2508 unus
1524 2469 1595 2508 ex
1632 2448 1724 2525 iis,
1758 2470 1908 2526 quos
1948 2449 2265 2523 nominavi,
2299 2449 2501 2510 castris

509 2549 708 2607 locum
739 2539 990 2623 caperet,
1013 2555 1380 2605 commeatus
1410 2545 1724 2623 expediret,
1747 2546 1825 2606 ab
1854 2546 2080 2606 insidiis
2108 2558 2502 2623 praecaveret,

509 2654 743 2720 tempus
766 2660 1001 2720 pugnae
1029 2640 1328 2719 deligeret,
1352 2641 1541 2702 aciem
1565 2642 1894 2717 instrueret,
1916 2642 2194 2703 subsidiis
2217 2645 2499 2704 firmaret!

426 2753 482 2801 16
509 2761 631 2800 non
661 2760 797 2799 cum
841 2742 1038 2799 Dareo
1083 2759 1206 2798 rem
1246 2759 1375 2799 esse
1417 2738 1676 2812 dixisset,
1719 2759 1899 2816 quem
1929 2739 2240 2799 mulierum
2275 2760 2346 2800 ac
2375 2760 2503 2818 spa-

509 2840 737 2897 donum
793 2856 1007 2913 agmen
1057 2837 1403 2909 trahentem,
1459 2836 1610 2896 inter
1664 2857 1982 2913 purpuram
2037 2848 2217 2914 atque
2272 2857 2498 2911 aurum,
2544 2847 2550 2853 '

509 2944 818 2994 oneratum
859 2934 1126 2991 fortunae
1161 2932 1538 3008 apparatibus
1578 2952 1735 3005 suae,
1780 2934 2060 3010 praedam
2099 2933 2290 2993 verius
2315 2951 2500 3010 quam

508 3033 759 3103 hostem,
812 3028 958 3088 nihil
1002 3028 1163 3087 aliud
1224 3047 1405 3104 quam
1463 3028 1617 3088 bene
1666 3048 1844 3089 ausus
1893 3050 2044 3089 vana
2099 3042 2498 3105 contemnere,

422 3138 480 3193 17
508 3128 849 3187 incruentus
892 3124 1124 3185 devicit.
1228 3127 1403 3202 longe
1445 3125 1592 3184 alius
1645 3126 1852 3186 Italiae
1900 3146 2079 3203 quam
2125 3127 2350 3201 Indiae,
2399 3148 2504 3205 per

509 3244 689 3301 quam
735 3225 1063 3283 temulento
1105 3221 1340 3299 agmine
1383 3221 1879 3283 comissabundus
1920 3223 2176 3296 incessit,
2219 3224 2376 3284 visus
2420 3224 2502 3283 illi

509 3320 746 3381 habitus
790 3331 961 3393 esset,
1006 3321 1187 3379 saltus
1230 3318 1486 3396 Apuliae
1526 3339 1598 3380 ac
1639 3331 1871 3380 montes
1921 3324 2194 3380 Lucanos
2237 3319 2504 3381 cernenti

509 3428 569 3477 et
609 3416 854 3494 vestigia
896 3417 1154 3475 recentia
1201 3416 1566 3477 domesticae
1608 3420 1809 3490 cladiS,
1856 3417 1960 3478 ubi
2002 3421 2326 3477 avunculus
2375 3419 2501 3479 eius

415 3516 483 3576 18
510 3533 712 3591 nuper,
762 3512 926 3590 Epiri
965 3533 1063 3572 rex
1101 3514 1452 3588 Alexander,
1499 3514 1847 3592 absumptus
1888 3526 2025 3576 erat.
2113 3527 2172 3574 et
2207 3516 2503 3591 loquimur

509 3614 586 3672 de
615 3611 954 3670 Alexandro
983 3611 1252 3669 nondum
1284 3631 1476 3672 merso
1506 3612 1781 3672 secundis
1811 3612 2002 3685 rebuS,
2035 3632 2284 3690 quarum
2320 3632 2502 3672 nemo
