2909 4381
677 298 786 354 AB
829 295 1056 354 VRBE
1098 294 1487 356 CONDITA
1530 295 1687 354 LIB.
1734 296 1840 354 IX.
1895 314 2084 369 11—13

395 478 605 534 pacem
635 456 816 517 animi
835 465 1218 528 mutaverant,
1241 466 1306 515 ut
1327 455 1632 517 clariorem
1652 456 1802 515 inter
1826 459 2132 515 Romanos
2154 453 2382 515 deditio

397 555 767 615 Postumium
797 573 975 630 quam
1007 552 1288 613 Pontium
1312 553 1618 613 incruenta
1639 553 1880 611 victoria
1909 552 2060 611 inter
2087 551 2381 612 Samnites

396 652 611 711 faceret
665 661 725 711 et
778 649 901 727 geri
955 670 1130 727 posse
1187 650 1409 709 bellum
1470 649 1729 709 Romani
1778 669 1884 725 pro
1933 648 2176 708 victoria
2224 658 2382 707 certa
2405 665 2436 712 4

396 748 699 820 haberent,
751 745 1045 807 Samnites
1095 745 1270 805 simul
1327 747 1640 805 rebellasse
1695 756 1755 805 et
1809 744 2019 805 vicisse
2075 746 2383 804 crederent

397 845 756 903 Romanum.

479 942 642 1000 Inter
671 942 816 999 haec
846 938 1132 999 Satricani
1164 939 1242 999 ad
1272 937 1566 998 Samnites
1604 940 1964 1010 defecerunt,
1997 948 2055 996 et
2085 939 2381 1015 Fregellae
2409 959 2437 1009 5

397 1037 632 1098 colonia
659 1037 1017 1115 necopinato
1038 1038 1298 1097 adventu
1328 1035 1946 1096 Samnitium—fuisse
1968 1046 2027 1096 et
2049 1034 2382 1095 Satricanos
2395 1066 2410 1099 z

397 1153 534 1199 cum
590 1133 661 1192 iis
717 1135 855 1192 satis
910 1143 1402 1192 constat—nocte
1458 1143 1749 1210 occupata
1803 1142 1907 1191 est.
2010 1130 2185 1191 timor
2240 1130 2382 1192 inde

396 1225 638 1290 mutuus
667 1240 947 1305 utrosque
968 1249 1157 1305 usque
1178 1230 1255 1288 ad
1284 1231 1480 1288 lucem
1500 1228 1732 1305 quietos
1755 1227 1945 1288 tenuit
1964 1249 1982 1302 3
2020 1229 2121 1288 lux
2147 1248 2381 1306 pugnae
2407 1232 2438 1282 6

398 1325 628 1385 initium
671 1327 797 1398 fuit,
830 1345 1009 1402 quam
1054 1325 1420 1401 aliquamdiu
1448 1345 1721 1401 aequam,
1753 1336 1811 1384 et
1854 1324 1993 1401 quia
2027 1345 2133 1402 pro
2169 1325 2283 1384 aris
2312 1345 2383 1385 ac

399 1423 544 1483 focis
573 1421 965 1483 dimicabatur
993 1434 1051 1482 et
1080 1422 1219 1499 quia
1248 1443 1320 1482 ex
1358 1423 1528 1483 tectis
1557 1424 1875 1483 adiuvabat
1908 1423 2162 1483 imbellis
2193 1420 2384 1481 multi-

399 1522 545 1581 tudo
583 1531 888 1593 certamen,
929 1520 1257 1597 Fregellani
1298 1520 1717 1581 sustinuerunt.
1805 1523 1960 1580 fraus
1999 1520 2219 1580 deinde
2257 1539 2380 1578 rem
2412 1538 2438 1593 7

399 1616 716 1691 inclinavit,
755 1618 920 1694 quod
958 1637 1168 1677 vocem
1207 1618 1395 1678 audiri
1434 1617 1742 1695 praeconis
1782 1617 1939 1695 passi
1978 1628 2130 1688 sunt,
2164 1618 2385 1696 incolu-

400 1734 557 1774 mem
586 1713 902 1786 abiturum,
934 1713 1037 1790 qui
1069 1733 1233 1773 arma
1271 1713 1579 1791 posuisset.
1668 1734 1738 1773 ea
1780 1733 1914 1790 spes
1954 1712 2175 1772 remisit
2202 1732 2238 1771 a
2267 1731 2384 1771 cer-

401 1810 620 1871 tamine
649 1810 895 1883 animos,
929 1821 987 1870 et
1025 1812 1244 1887 passim
1284 1830 1447 1869 arma
1483 1808 1684 1869 iactari
1714 1819 1941 1886 coepta.
2030 1808 2384 1885 pertinacior
2410 1817 2440 1864 8

400 1927 532 1983 pars
561 1917 784 1967 armata
813 1926 916 1983 per
937 1925 1201 1966 aversam
1224 1917 1456 1983 portam
1480 1904 1685 1982 erupit,
1713 1904 2010 1982 tutiorque
2032 1903 2116 1965 eis
2134 1903 2384 1965 audacia

400 2002 509 2062 fuit
549 1997 727 2080 quam
771 2002 1044 2062 incautus
1082 2004 1160 2062 ad
1195 2003 1564 2062 credendum
1603 2003 1811 2061 ceteris
1850 2022 2046 2079 pavor,
2087 2021 2237 2078 quos
2276 2000 2385 2061 cir-

400 2101 710 2160 cumdatos
780 2099 917 2176 igni,
990 2098 1353 2174 nequiquam
1423 2101 1569 2159 deos
1641 2100 1941 2176 fidemque
2018 2098 2380 2171 invocanteS,

400 2197 693 2258 Samnites
721 2206 1260 2257 concremaverunt.

482 2295 795 2366 Consules,
824 2292 976 2351 inter
1004 2312 1068 2351 se
1097 2291 1294 2369 partiti
1331 2291 1680 2368 provinciaS,
1715 2292 1981 2369 Papirius
2011 2292 2071 2352 in
2101 2291 2381 2370 Apuliam
2410 2308 2442 2359 9

401 2392 477 2449 ad
502 2388 811 2448 Luceriam
834 2387 1037 2465 pergit,
1063 2388 1167 2447 ubi
1186 2387 1414 2464 equites
1440 2388 1701 2448 Romani
1723 2388 1962 2450 obsides
1984 2390 2065 2449 ad
2086 2388 2384 2450 Caudium

402 2484 524 2545 dati
566 2484 1066 2555 custodiebantur,
1103 2483 1391 2544 Publilius
1433 2483 1496 2543 in
1533 2484 1775 2545 Samnio
1810 2484 2070 2546 substitit
2107 2487 2387 2545 adversus

403 2580 704 2643 Caudinas
753 2580 1031 2657 legiones,
1120 2580 1407 2641 distendit
1457 2601 1527 2642 ea
1583 2602 1673 2641 res
1729 2581 2083 2642 Samnitium
2131 2581 2381 2654 animOS,
2417 2610 2476 2643 10

404 2679 566 2754 quod
594 2697 707 2750 nec
735 2679 813 2738 ad
849 2678 1161 2745 Luceriam
1199 2678 1297 2750 ire,
1332 2698 1408 2738 ne
1436 2679 1514 2737 ab
1554 2689 1718 2754 tergo
1756 2678 1998 2738 instaret
2036 2680 2241 2748 hostiS‚
2273 2698 2385 2738 nec

405 2793 657 2845 manere,
710 2793 787 2833 ne
844 2773 1091 2833 Luceria
1146 2773 1379 2833 interim
1435 2773 1814 2847 amitteretur,
1867 2774 2006 2834 satis
2060 2775 2379 2835 audebant.

403 2870 696 2946 optimum
724 2868 917 2928 visum
946 2881 1035 2929 est
1077 2869 1447 2929 committere
1489 2889 1614 2929 rem
1656 2871 1925 2930 fortunae
1967 2881 2025 2930 et
2068 2870 2386 2949 transigere
2417 2895 2467 2929 11

404 2986 540 3027 curn
585 2965 841 3024 Publilio
882 2976 1218 3038 certamen3
1273 2965 1472 3042 itaque
1520 2964 1583 3024 in
1624 2966 1813 3026 aciem
1857 2966 2057 3043 copias
2100 2968 2378 3028 educunt.

404 3064 681 3123 adversus
710 3080 862 3138 quos
891 3061 1178 3122 Publilius
1206 3065 1415 3123 consul
1444 3082 1581 3122 cum
1610 3062 1991 3123 dimicaturus
2021 3075 2190 3135 esset,
2224 3064 2383 3140 prius
2409 3079 2476 3137 13

405 3159 817 3234 adloquendos
836 3156 1048 3217 milites
1067 3166 1223 3217 ratus
1242 3157 1582 3218 contionem
1603 3160 1876 3219 advocari
1894 3159 2077 3220 iussit.
2123 3171 2383 3221 ceterum

407 3253 556 3313 sicut
577 3252 801 3330 ingenti
821 3253 1118 3315 alacritate
1145 3256 1223 3314 ad
1253 3254 1609 3331 praetorium
1633 3275 1986 3316 concursum
2008 3267 2113 3329 est,
2139 3255 2218 3318 ita
2247 3276 2386 3334 prae

407 3351 662 3409 clamore
703 3350 1076 3427 poscentium
1126 3370 1383 3427 pugnam
1435 3352 1596 3409 nulla
1637 3351 1970 3411 adhortatio
2018 3352 2385 3430 imperatoris

407 3446 607 3506 audita
647 3456 770 3506 est:
820 3465 960 3505 suus
1002 3446 1217 3522 cuique
1258 3446 1492 3506 animus
1531 3466 1758 3506 memor
1794 3446 2150 3523 ignominiae
2178 3452 2386 3511 adhor-
2412 3474 2438 3509 2

408 3554 560 3601 tator
595 3543 811 3602 aderat.
898 3545 1121 3608 vadunt
1161 3543 1334 3619 igitur
1373 3546 1433 3601 in
1464 3545 1750 3620 proelium
1783 3557 2053 3619 urgentes
2076 3546 2381 3623 signiferos

409 3650 484 3712 et,
509 3658 585 3698 ne
614 3659 778 3698 mora
806 3637 867 3700 in
895 3658 1184 3699 concursu
1214 3639 1346 3717 pilis
1375 3639 1716 3700 emittendis
1746 3640 2215 3718 stringendisque
2243 3641 2383 3701 inde

509 3744 611 3775 va
629 3746 677 3776 rx
1319 3762 1328 3770 ·
2219 3748 2254 3786 C
