2909 4381
1337 257 1410 316 T.
1458 257 1633 315 LIVI

445 439 472 474 2
500 427 637 487 erat,
693 416 901 493 ingens
951 415 1067 477 orsi
1116 417 1355 477 bellum.
1444 438 1519 478 eo
1563 421 1708 478 alter
1753 419 1962 478 consul
2007 416 2298 477 Aemilius
2346 435 2483 476 cum

498 513 755 573 exercitu
774 516 852 574 ad
875 514 1212 575 liberandos
1236 514 1550 576 obsidione
1569 514 1763 576 socios
1782 514 1962 575 venit.
2032 513 2486 575 advenientibus

500 611 790 671 Romanis
820 611 1042 672 Sutrini
1076 622 1444 672 commeatus
1487 613 1747 690 benigne
1788 612 1851 672 in
1895 623 2084 673 castra
2110 622 2248 672 ante
2278 612 2485 671 urbem

443 730 469 777 3
497 709 690 786 posita
716 712 1019 771 advexere.
1109 710 1342 770 Etrusci
1371 709 1530 771 diem
1572 710 1829 789 primum
1858 712 2271 783 consultando,
2303 719 2487 769 matu-

497 818 691 866 rarent
732 809 1107 866 traherentne
1151 808 1391 881 bellurn,
1440 809 1840 868 traduxerunt.
1929 819 2169 886 postero
2214 806 2329 879 die,
2382 805 2487 865 ubi

495 903 776 964 celeriora
805 924 983 982 quarn
1018 903 1234 965 tutiora
1262 903 1511 964 consilia
1539 904 1725 982 magis
1755 908 2028 982 placuere
2057 903 2327 976 ducibuS,
2362 906 2486 963 sole

497 1012 628 1061 orto
678 1000 912 1078 signum
969 1021 1201 1079 pugnae
1257 1001 1629 1080 propositum
1674 1012 1763 1062 est
1810 1002 2138 1079 armatique
2185 1002 2248 1061 in
2296 1000 2486 1061 aciem

442 1123 476 1170 4
497 1100 842 1174 procedunt.
930 1101 1095 1175 quod
1129 1111 1446 1176 postquam
1486 1099 1717 1159 consuli
1758 1099 2095 1160 nuntiatum
2135 1109 2239 1172 est,
2272 1109 2487 1158 extem·

498 1197 600 1272 plo
629 1206 911 1255 tesseram
950 1195 1076 1256 dari
1110 1195 1292 1270 iubet,
1326 1207 1392 1256 ut
1430 1198 1719 1273 prandeat
1760 1196 1929 1257 miles
1958 1196 2321 1274 firmatisque
2349 1195 2486 1256 cibo

446 1310 474 1362 5
498 1292 718 1352 viribus
760 1313 922 1353 arma
963 1292 1170 1371 capiat.
1259 1293 1421 1354 dicto
1471 1306 1721 1371 paretur.
1808 1297 2032 1368 consul,
2085 1294 2188 1354 ubi
2230 1303 2486 1362 armatos

498 1401 851 1466 paratosque
878 1389 1046 1464 vidit,
1075 1389 1241 1467 signa
1281 1401 1441 1451 extra
1469 1393 1691 1451 vallum
1732 1391 1973 1468 proferri
2016 1391 2183 1451 iussit
2224 1402 2283 1450 et
2324 1391 2485 1450 haud

499 1489 705 1563 procul
735 1489 906 1546 hoste
934 1486 1204 1546 instruxit
1231 1487 1438 1547 aciem.
1527 1487 1893 1566 aliquamdiu
1936 1487 2147 1548 intenti
2189 1487 2485 1564 utrimque

499 1593 786 1642 steterunt
829 1594 1252 1662 exspectanteS‚
1298 1595 1363 1645 ut
1405 1587 1483 1645 ab
1530 1585 1875 1646 adversariis
1918 1587 2140 1645 clamor
2184 1594 2243 1645 et
2287 1603 2486 1662 pugna

442 1689 474 1740 6
498 1680 825 1758 inciperet3
866 1692 924 1740 et
967 1681 1126 1759 prius
1170 1685 1259 1742 sol
1303 1682 1549 1744 meridie
1596 1703 1659 1744 se
1708 1683 2028 1756 inclinavit,
2078 1701 2258 1759 quam
2299 1683 2484 1741 telum

498 1776 638 1837 hinc
665 1788 767 1837 aut
808 1777 970 1838 illinc
1012 1778 1294 1839 emissum
1336 1790 1439 1840 est.
1528 1779 1686 1854 inde,
1734 1799 1810 1839 ne
1852 1778 2070 1839 infecta
2110 1799 2172 1839 re
2208 1777 2482 1850 abiretur,

497 1877 720 1936 clamor
773 1876 851 1935 ab
909 1876 1173 1935 Etruscis
1231 1876 1413 1936 oritur
1469 1877 1915 1954 concinuntque
1970 1877 2151 1936 tubae
2205 1887 2266 1936 et
2321 1875 2487 1952 signa

444 1970 825 2035 7inferuntur
848 1994 865 2045 3
928 1992 1039 2032 nec
1090 1972 1325 2048 segnius
1371 1993 1408 2032 a
1465 1972 1756 2032 Romanis
1812 1992 2010 2049 pugna
2066 1971 2261 2034 initur.
2348 1992 2487 2033 con-

496 2079 738 2128 currunt
780 2068 1024 2128 infensis
1067 2068 1320 2140 animis3
1377 2089 1627 2129 numero
1669 2067 1873 2141 hostiS,
1918 2068 2130 2129 virtute
2174 2071 2485 2129 Romanus

441 2173 470 2221 8
497 2176 748 2242 superat,
794 2186 1013 2244 anceps
1056 2165 1346 2243 proelium
1391 2168 1611 2227 multos
1660 2163 1955 2243 utrimque
1997 2176 2057 2226 et
2101 2165 2483 2226 fortissimum

495 2284 796 2341 quemque
825 2263 1102 2337 absumit,
1135 2284 1247 2324 nec
1278 2263 1437 2341 prius
1469 2263 1750 2322 inclinata
1773 2282 1864 2323 res
1893 2274 1997 2336 est,
2020 2283 2200 2340 quarn
2224 2267 2487 2326 secunda

495 2360 651 2420 acies
698 2364 975 2421 Romana
1019 2363 1096 2421 ad
1145 2361 1335 2437 prima
1382 2360 1547 2438 signa
1592 2360 1799 2438 integri
1845 2362 2012 2420 fessis
2059 2373 2480 2422 successerunt.

438 2480 470 2529 9
495 2456 748 2530 Etrusci,
795 2456 935 2534 quia
975 2456 1152 2517 nullis
1194 2457 1532 2518 recentibus
1580 2456 1860 2518 subsidiis
1908 2458 2054 2517 fulta
2099 2458 2288 2535 prima
2328 2459 2485 2519 acies

494 2555 626 2628 fuit,
653 2565 792 2615 ante
821 2554 988 2631 signa
1016 2554 1290 2631 circaque
1320 2575 1529 2615 omnes
1560 2555 1916 2614 ceciderunt.
2004 2556 2169 2615 nullo
2199 2576 2484 2633 umquam

494 2652 719 2729 proelio
763 2654 936 2730 fugae
982 2652 1178 2713 minus
1221 2672 1333 2713 nec
1376 2655 1510 2729 plus
1553 2654 1754 2712 caedis
1797 2651 2018 2726 fuisset,
2051 2652 2113 2711 ni
2155 2652 2484 2715 obstinatos

496 2750 646 2810 mori
677 2754 911 2811 Tuscos
957 2771 1076 2810 nox
1117 2750 1378 2825 texisset,
1407 2749 1492 2809 ita
1533 2759 1599 2809 ut
1627 2748 1879 2809 victores
1921 2748 2081 2827 prius
2120 2770 2305 2827 quam
2347 2751 2485 2812 victi

411 2866 471 2901 10
493 2847 799 2925 pugnandi
855 2850 1034 2908 finem
1102 2849 1378 2907 facerent.
1489 2857 1624 2924 post
1694 2866 1973 2906 occasum
2043 2847 2181 2907 solis
2252 2848 2484 2927 signum

493 2943 756 3021 receptui
799 2946 1006 3003 datum
1051 2953 1176 3017 est3
1218 2954 1395 3004 nocte
1436 2943 1515 3003 ab
1565 2954 1817 3021 utroque
1863 2943 1925 3003 in
1971 2955 2161 3004 castra
2208 2946 2480 3006 reditum.

412 3058 464 3091 11
494 3060 606 3100 nec
649 3040 869 3100 deinde
920 3040 1241 3118 quicquam
1288 3060 1362 3100 eo
1411 3060 1573 3100 anno
1615 3040 1699 3100 rei
1741 3042 2027 3102 memoria
2068 3042 2283 3120 dignae
2324 3046 2484 3122 apud

494 3138 754 3199 Sutrium
784 3150 1017 3216 gestum
1047 3149 1152 3210 est,
1186 3137 1325 3215 quia
1355 3147 1414 3197 et
1444 3158 1517 3198 ex
1555 3138 1817 3198 hostiurn
1858 3138 2113 3199 exercitu
2144 3141 2332 3218 prima
2360 3152 2486 3202 tota

493 3237 649 3296 acies
679 3239 873 3296 deleta
903 3257 1026 3297 uno
1056 3235 1282 3314 proelio
1304 3238 1495 3295 fuerat
1518 3235 1882 3295 subsidiariis
1914 3240 2097 3298 modo
2126 3238 2357 3312 relictiS,
2389 3239 2484 3298 vix

411 3360 464 3395 12
495 3337 659 3411 quod
689 3335 829 3394 satis
859 3345 1014 3394 esset
1042 3336 1119 3394 ad
1149 3345 1475 3394 castrorum
1504 3333 1881 3410 praesidium,
1909 3345 1967 3394 et
1988 3337 2150 3412 apud
2174 3338 2483 3396 Romanos

494 3442 727 3491 tanturn
755 3433 1065 3491 vulnerum
1095 3432 1219 3503 fuit,
1253 3442 1318 3491 ut
1345 3434 1542 3508 plures
1581 3441 1716 3508 post
1754 3431 2043 3508 proelium
2074 3433 2257 3492 saucii
2286 3436 2485 3494 deces-

386 3543 472 3609 33
497 3528 677 3589 serint
731 3549 911 3606 quam
967 3528 1302 3588 ceciderant
1355 3528 1418 3588 in
1474 3527 1617 3588 acie.
1705 3529 1779 3603 Q.
1829 3529 2065 3602 Fabius,
2119 3530 2483 3608 insequentis

496 3627 640 3689 anni
680 3629 907 3701 consul,
952 3627 1177 3687 bellum
1218 3627 1298 3688 ad
1338 3625 1601 3686 Sutrium
1631 3625 1903 3703 excepit3
1936 3630 2164 3707 collega
2195 3629 2381 3689 Fabio
2410 3632 2477 3693 C.
